3034 4775
310 844 318 853 ’
456 896 950 978 sennulssruro

19 1064 21 1115 l

19 1128 89 1295 Q.
293 1132 1185 1267 DELPHINOJ

569 1425 571 1429 ¹
618 1436 655 1501 S.
678 1434 719 1499 Ρ.
743 1436 787 1500 D.

308 1645 635 1735 vrncnuurus
665 1647 938 1726 concesso
968 1650 1012 1725 J.
1041 1650 1092 1725 c.
1159 1622 1163 1632 '

147 2182 253 2273 Mos
281 2209 441 2292 antiquus
465 2207 566 2273 etiem
590 2226 680 2273 nunc
701 2206 842 2284 obtinet,
866 2207 1128 2275 Sunnmssmn
1154 2210 1256 2277 Dun-

28 2311 30 2322 '
148 2327 281 2390 rurus,
298 2312 404 2396 utqui
418 2309 601 2375 literarium
623 2328 711 2394 opus
733 2310 771 2375 in
784 2312 898 2377 lucem
911 2310 1061 2377 editurus
1077 2313 1134 2392 sit,
1148 2313 1255 2378 uindi-

29 2401 35 2438 '·
146 2433 221 2478 cem
238 2413 315 2479 sibi
340 2414 500 2479 adversus
522 2412 710 2477 malevolos
730 2412 903 2479 conciliet.
948 2411 1097 2478 Felicem
1113 2413 1254 2480 Martiu-

145 2513 227 2592 lem,
243 2515 302 2598 qui
317 2513 451 2580 undem
465 2515 626 2580 hodierno
638 2515 693 2580 die
707 2514 750 2578 ed
764 2513 984 2595 Te‘socedst3
1004 2534 1059 2578 me
1070 2515 1255 2582 feliciorem

32 2622 35 2630 '
148 2613 303 2694 dixerim,
339 2615 397 2698 qni
442 2615 535 2694 Tibi,
569 2614 830 2680 Snsnurrsruu
865 2615 1086 2694 Dunusrun,
1119 2617 1255 2684 offeram

145 2715 300 2799 lepidum
329 2715 414 2810 bunc
440 2715 596 2794 Podtnm,
625 2715 662 2778 in
691 2717 871 2798 carpendis
897 2716 991 2782 vitiis
1015 2718 1254 2795 acutissimum,

145 2816 281 2882 viantis
306 2835 386 2882 vero
410 2817 618 2882 defensorem
641 2817 852 2888 acerrimum.
897 2817 939 2883 ln
955 2837 1042 2884 neus
1060 2825 1139 2886 tuos
1155 2823 1254 2906 jussu

146 2918 319 2984 Lndorici
346 2917 461 3001 Magni
498 2917 774 3002 Interpretslione
812 2927 849 2989 et
888 2919 990 2986 Notis
1024 2921 1257 2988 illusnsndnm

57 3067 63 3074 -
145 3021 244 3086 illum
259 3038 501 3103 susceperam:
522 3019 583 3084 sed
597 3021 671 3086 feto
682 3025 797 3086 nostro
810 3022 921 3086 serius
944 3022 981 3086 in
1005 3021 1115 3088 lucem
1129 3024 1256 3107 prodiit

147 3121 270 3202 Po'dte,
284 3123 348 3188 ebs
361 3120 413 3185 Te
429 3119 560 3205 pridem
575 3119 694 3186 nedum
720 3119 887 3190 Miserum
910 3121 1002 3198 ludo,
1023 3123 1084 3188 sed
1099 3128 1136 3193 et
1153 3123 1256 3190 disci·

144 3224 248 3308 plinae
272 3224 439 3308 equestris
462 3223 575 3288 stadio
597 3223 738 3288 feliciter
759 3222 915 3292 decurso.
960 3222 1001 3286 In
1016 3221 1067 3288 Te
1081 3223 1170 3288 eslim
1184 3231 1254 3292 tum

145 3325 292 3409 egregio,
305 3329 339 3390 et
352 3331 424 3390 tem
447 3319 614 3408 praeclare
633 3323 768 3390 indoles
785 3332 851 3401 est,
874 3331 924 3403 ut,
940 3326 1064 3408 quibus
1082 3325 1254 3394 indulsisti

145 3425 287 3505 ortibus,
295 3426 338 3490 iis
349 3425 504 3491 omnibus
514 3443 677 3490 summum
687 3425 843 3490 attuleris
854 3432 1094 3492 omementum.
1138 3427 1254 3510 Quen-

144 3531 292 3592 tusvero
308 3527 355 3592 sit
367 3529 437 3593 oris
451 3527 500 3593 tui
521 3526 634 3604 decor,
660 3533 789 3611 quante
810 3546 941 3592 morum
964 3531 1127 3606 suentes,
1152 3549 1255 3612 quem

145 3647 226 3693 scre
239 3629 409 3712 ingenium
424 3631 550 3696 tacitus
565 3629 721 3695 admiror.
765 3627 933 3695 Nimirum
954 3630 1131 3713 palernum
1152 3632 1255 3696 refers

147 3729 352 3813 sapientium
380 3731 624 3810 incredibilem,
662 3749 704 3796 ec
734 3748 833 3814 paene
870 3730 1030 3796 divinem.
1084 3729 1254 3796 Ludovici

145 3829 267 3913 Magni
297 3833 519 3912 clementium,
546 3851 600 3898 res
626 3841 751 3917 gestes,
779 3830 1065 3916 disjunctissimus
1098 3831 1254 3914 regiones

45 3992 52 4015 ‚
145 3931 303 3998 cursibus
317 3943 527 4017 peragratas,
541 3935 640 3999 simul
654 3939 687 3999 et
701 3934 854 3999 victoriis
872 3934 1053 3999 illustratas
1071 3937 1164 3998 totus
1182 3934 1254 3998 stn-

145 4040 206 4116 pet
213 4035 316 4100 orbis.
351 4034 415 4112 Te,
429 4035 690 4102 Snusurssrun
706 4036 925 4114 Dnnrnruu,
940 4036 1145 4100 simillimum
1156 4039 1251 4100 teuto

46 4118 50 4189 ἓ
146 4135 288 4216 genitori
300 4133 406 4202 filiurn
424 4140 525 4204 verbo
544 4158 611 4204 uno
625 4157 703 4204 cum
718 4137 855 4217 affirmo,
869 4137 1006 4203 laudum
1021 4139 1169 4203 omnium
1182 4154 1252 4200 me-

214 4253 302 4316 velpe
310 4257 333 4304 et
346 4253 403 4305 Ver.
415 4256 481 4305 Clas.
647 4256 760 4307 Murtiol.
1163 4250 1187 4300 Α
