3034 4775
451 370 684 419 rasuruoura
710 372 758 421 aa
784 370 991 422 asarinus.
1225 352 1269 419 21

169 516 409 580 titillationem.
454 486 571 581 Nihilo
585 523 696 581 tamen
711 516 820 579 miuus
845 514 902 591 iis,
925 531 993 577 nou
1010 528 1122 594 pauca
1134 510 1268 593 quidem

65 656 79 663 -
170 616 427 695 animadvertas,
438 636 514 700 quar
530 618 632 699 digna
643 636 782 699 prorsus
796 624 874 683 sunt
886 616 1006 681 facetis
1017 632 1059 677 ac
1075 613 1269 695 temperatis

170 719 336 800 ingeniis:
359 720 586 803 retineantque
609 720 764 785 decorum
787 718 881 795 illud,
896 718 987 801 quod
1001 717 1137 783 virtutis
1158 714 1268 797 hujus,

171 820 214 883 de
229 839 298 903 qna
311 820 537 905 praecipimus,
550 821 696 885 maxime
710 824 762 885 est
775 820 956 904 proprium.

174 962 177 967 “
258 969 372 1035 Julius
387 968 503 1035 Caesar
518 970 680 1052 Scaliger,
695 968 857 1035 Politices
871 968 933 1033 lib.
951 984 1006 1034 ιιι.
1021 986 1096 1052 cap.
1111 968 1186 1033 126.

216 1116 475 1202 Epigrammatis
501 1120 642 1185 virtutm
667 1119 866 1203 peculiares,
888 1120 1038 1185 brevitas
1060 1125 1094 1185 et
1122 1078 1287 1202 argutias

173 1218 257 1284 hanc
272 1220 427 1285 Catullus
448 1240 515 1287 non
544 1242 674 1306 semper
687 1228 739 1287 est
754 1228 940 1288 assecutum
979 1222 1145 1287 Martialis
1165 1220 1273 1286 Polite

175 1323 403 1405 argutissimus
416 1342 584 1408 nusquam
598 1326 721 1390 omisit

600 1504 697 1571 Idem
710 1507 771 1573 lib.
788 1524 839 1573 v1.

218 1636 272 1703 Ne
287 1637 478 1706 Martialem
492 1642 628 1727 quidem
641 1643 814 1709 transferre
828 1644 910 1709 libet
921 1644 965 1709 ad
981 1643 1128 1709 meliora.
1161 1640 1272 1705 Multa

176 1743 253 1803 sunt
266 1740 342 1824 ejus
352 1741 603 1826 Epigrammata
613 1743 744 1825 divina3
768 1746 934 1830 inquibus
948 1752 984 1811 ct
997 1746 1166 1811 sermonis·
1174 1744 1274 1807 casti-

161 1846 241 1917 aas,
255 1848 289 1905 et
299 1844 481 1925 argumenti
496 1845 632 1927 species
648 1844 817 1912 luculenta
832 1853 893 1911 est.
936 1846 1067 1911 Versus
1091 1866 1171 1911 vero
1196 1863 1272 1907 cau-

175 1942 259 2020 didi,
267 1946 448 2023 numerosi,
457 1946 559 2029 pleni,
573 1946 718 2032 denique
731 1948 866 2031 optimi.
890 1947 970 2012 Alia
978 1948 1076 2013 ioeda
1085 1966 1127 2011 ue
1140 1945 1273 2027 legerim

176 2042 320 2126 quidem,
331 2053 461 2111 tautmn
476 2048 572 2113 abest
585 2056 624 2113 ut
637 2049 682 2114 ad
697 2068 872 2113 censuram
886 2067 1014 2117 vocem.

304 2206 473 2275 Adrianus
486 2210 674 2289 Turnebus,
691 2210 836 2277 Advers.
848 2190 907 2277 lib'.
925 2227 1007 2277 νιιι.
1020 2229 1098 2294 cap.
1112 2210 1145 2274 4.

220 2342 313 2421 Quid
329 2350 420 2408 vetat
443 2345 601 2427 attingere
625 2342 834 2407 festivissimi
850 2342 970 2407 Poetae
985 2340 1155 2406 Martialis
1169 2338 1272 2415 lusus,

179 2451 282 2528 atque
305 2447 341 2509 in
362 2444 414 2508 his
429 2463 565 2528 operam
586 2443 723 2508 luderet
771 2442 851 2507 Non
867 2462 998 2526 semper
1019 2441 1201 2526 supercilia
1216 2439 1274 2503 ad-

171 2545 328 2628 ducenda
342 2553 426 2612 sunt.

511 2722 608 2786 Idem
621 2722 683 2786 lib.
701 2737 788 2786 xrli.
804 2670 882 2803 cap.
898 2722 951 2785 19.

222 2859 308 2923 Cum
323 2877 344 2922 a
358 2857 569 2940 lepidissimo
594 2847 715 2932 Poeta,
736 2871 801 2918 nee
821 2853 909 2916 enim
930 2853 1000 2916 illis
1026 2851 1201 2927 assentior,
1216 2851 1276 2935 qui

179 2981 330 3026 scurram
343 2940 491 3042 ineptum
505 2977 581 3022 eum
595 2956 778 3041 appellant,
792 2975 903 3038 neque
918 2956 1002 3020 satis
1015 2954 1164 3036 elegante
1175 2951 1278 3016 Musa

177 3063 282 3128 libros
307 3061 593 3144 Epigrammatum
612 3057 788 3140 scripsisse
808 3062 992 3132 autumant,
1007 3055 1065 3118 lib.
1079 3069 1139 3116 ιιι.
1164 3051 1276 3134 Epigr.

178 3164 233 3228 aa.
248 3163 403 3227 canitur:

377 3262 543 3332 Admittat
557 3263 641 3326 iuter
654 3261 845 3326 bustuarias
860 3259 1020 3335 moechas,
1033 3261 1095 3322 tre.

281 3401 284 3410 Ι
393 3431 516 3496 Justus
531 3431 679 3516 Iipsius,
693 3430 736 3494 de
749 3428 904 3512 Amphit.
918 3447 995 3511 cap.
1010 3426 1063 3489 15.

224 3567 485 3649 Designatorum
498 3565 611 3631 facete
627 3583 722 3648 saepe
743 3562 895 3630 meminit
917 3566 1039 3625 auctus
1062 3564 1098 3622 et
1120 3555 1279 3639 capitalis

180 3669 236 3732 ille
252 3667 440 3754 Hispanus.

234 3841 329 3908 Idem
343 3841 387 3906 ad
401 3839 424 3906 J
426 3859 524 3908 auum
540 3839 746 3918 Lcmutium,
764 3856 788 3902 ι.
803 3837 911 3923 Epist·
927 3833 1060 3915 Quesc
1075 3833 1183 3919 Epist
1193 3836 1226 3898 5.

226 3973 319 4053 Quid
334 3993 454 4039 censes
467 3976 525 4038 tul
548 3993 613 4038 non
628 3975 748 4038 melius
771 3971 813 4036 de
837 3969 999 4036 Martiale
1023 3967 1173 4050 Scaliger
1187 3965 1280 4049 jndi-

180 4077 284 4153 cauit,
308 4076 368 4158 qui
390 4093 506 4140 versus
528 4075 603 4158 ejus
627 4073 805 4150 candidos,
825 4087 1033 4147 numerosos,
1048 4069 1180 4152 plenos,
1198 4061 1282 4147 Epi·

182 4181 367 4259 grammata
387 4175 487 4240 multa
508 4175 625 4240 divina
648 4174 750 4240 dicit:
773 4192 875 4256 quam
897 4171 967 4249 illc,
982 4171 1042 4253 qui
1069 4185 1218 4232 scurram
1237 4166 1281 4230 de
