3034 4775
589 422 640 469 ao
666 419 867 468 onerosus.
1259 409 1281 470 5

176 567 325 632 ‘Fausto
340 583 462 649 precor
476 559 607 646 gelida'
623 571 720 628 sonet
734 563 837 630 altius
853 581 957 646 quem
972 563 1097 630 ‘Arma
1109 565 1281 650 vimmque
1309 607 1314 620 ·

175 666 282 745 cano,’
295 672 330 732 et
344 667 493 750 Elegiaoi
508 685 623 730 omues
637 665 794 731 sordeant
816 666 846 730 si
868 665 1077 731 conferantur
1091 687 1167 732 oum
1182 671 1193 702 ‘
1210 667 1280 746 Qui

176 769 256 834 mibi
272 766 482 853 discipulus?
536 766 606 832 Sed
631 769 718 832 unde
737 767 825 846 haec,
839 788 970 852 quaeso,
984 775 1100 834 vestra
1130 772 1279 852 gravitas

176 876 278 949 muta,
296 870 474 956 sapientia,
490 882 527 935 et
544 867 732 951 sanctitas'3
754 870 858 935 immo
872 871 1016 954 pigritia,
1032 873 1232 955 arrogantia,
1247 879 1283 937 et

179 972 398 1038 simsteritust
420 969 549 1049 Poiitae,
575 972 667 1055 quod
689 971 911 1055 praetenditis,
933 972 1066 1037 obscuri
1081 979 1171 1039 sunt.
1216 973 1284 1038 Sed

178 1073 290 1140 videte
303 1093 346 1138 ne
360 1073 425 1139 boo
438 1075 559 1138 vitium
580 1093 602 1139 a
622 1075 719 1139 vobis
738 1074 796 1152 sit,
819 1073 878 1157 qui
900 1092 966 1138 non
985 1073 1125 1139 assidua
1138 1074 1283 1140 lectione

178 1175 315 1242 redditis
328 1195 388 1240 eos
399 1177 509 1260 magis
523 1176 716 1246 familiares.
752 1174 847 1253 Quin
861 1180 895 1239 et
904 1179 1181 1242 commentatores
1197 1175 1282 1242 satis

177 1275 338 1342 luculenti
359 1277 471 1342 iucem
493 1277 687 1361 proeiemnt:
709 1295 850 1359 quorum
872 1276 1012 1340 taedium
1029 1277 1059 1340 si
1073 1277 1129 1341 vel
1143 1276 1284 1343 delicati

178 1379 262 1443 ferre
276 1396 345 1442 non
359 1379 514 1462 potestis,
532 1379 584 1444 vel
608 1378 653 1442 ad
672 1379 827 1460 graviora
846 1377 930 1442 forte
944 1377 1070 1443 'studia
1092 1379 1283 1463 properatis

178 1479 291 1564 potius
320 1499 423 1563 quam
444 1475 634 1559 maturatis,
657 1500 698 1545 en
725 1479 827 1546 vobis
851 1497 969 1544 sensus
992 1479 1172 1570 medullam
1192 1487 1283 1544 uotae

178 1581 422 1664 admerginales
451 1587 628 1664 praestant
672 1581 742 1645 Sed
771 1580 901 1646 inutilis
931 1586 995 1658 est,
1021 1587 1061 1645 ut
1085 1581 1283 1659 causamini,

177 1689 293 1748 eorum
307 1683 420 1759 lectio,
434 1690 481 1760 et,
496 1682 588 1766 quod
609 1683 697 1747 dixit
717 1681 840 1761 Zeno,⁷
855 1681 899 1746 ad
917 1682 1166 1764 perceptionem
1180 1681 1285 1746 disci·

181 1782 457 1865 plinarum'nibil
478 1783 621 1849 alienius
635 1782 793 1858 Poitica.
839 1780 949 1847 Vobis
972 1800 1049 1864 quae
1073 1800 1136 1846 non
1157 1781 1284 1863 legitis,

180 1902 225 1947 an
239 1885 428 1968 expectetis
442 1886 517 1949 usui
533 1903 610 1949 esse
623 1884 752 1967 posset
775 1882 910 1949 Discite
933 1882 1012 1966 quid
1027 1883 1136 1948 dicere
1153 1883 1284 1947 Plinius

182 1984 372 2063 solitus-sit,
387 1983 551 2051 referente
564 1991 690 2069 nepote
704 2003 768 2048 suo
778 1984 800 2048 :⁸
823 1982 966 2046 Nullum
988 2001 1065 2047 esse
1080 1983 1200 2046 libmm
1216 1989 1286 2046 tam

182 2085 319 2165 melum,
334 2093 374 2153 ut
393 2107 460 2153 nou
484 2088 600 2171 aliqua
614 2084 666 2151 ex'
679 2091 775 2169 parte
793 2083 976 2167 prodesset
1020 2080 1073 2148 Ac
1088 2101 1130 2147 ne
1143 2082 1286 2149 virtutes

181 2194 217 2251 et
240 2188 402 2254 utilitates
426 2189 581 2255 Poiiticae
596 2187 707 2272 'cogar
731 2189 767 2252 in
791 2185 857 2252 boc
887 2179 1083 2250 trau's'cursu
1105 2184 1287 2251 licentioris

181 2307 283 2373 quam
296 2289 501 2356 institueram
513 2289 722 2374 praefationis
733 2307 919 2365 recensere,
930 2287 973 2352 D.
982 2286 1175 2370 'Augustino
1189 2287 1287 2351 vobis

181 2398 329 2471 auctore,
343 2394 490 2475 colligite
514 2411 738 2477 quoecumque
760 2394 805 2456 ab
830 2390 980 2455 Ethnicis
1003 2390 1129 2474 scripta
1151 2369 1238 2467 erint,
1254 2379 1288 2455 et

182 2495 218 2561 iu
245 2514 342 2561 usum
371 2501 520 2559 vestrum
557 2495 753 2572 vindicate,
768 2493 1024 2577 possessoribus
1055 2492 1125 2556 illis
1152 2491 1288 2576 iniustis

184 2602 308 2680 erepta
331 2594 381 2662 At
393 2614 438 2660 ex
448 2595 570 2662 Politia
582 2597 744 2683 plerique,
754 2596 832 2661 dum
843 2595 964 2660 tetrica
974 2595 1092 2661 volunt
1105 2611 1288 2671 amoenare,

185 2698 364 2763 verbomm
382 2698 531 2765 nuditate
546 2703 648 2781 atque
670 2716 777 2761 rerum
797 2694 1021 2761 obscoenitate
1043 2694 1173 2761 aurium
1194 2712 1288 2759 reve-

183 2801 323 2864 rentiam
335 2799 511 2877 incestant,
525 2800 627 2865 animi
641 2817 754 2864 mores
768 2804 992 2881 corrumpunt
1018 2795 1148 2874 Nolite,
1158 2812 1287 2879 quaeso,

185 2900 276 2986 loqui
289 2902 427 2985 perinde
442 2920 485 2966 ac
501 2902 531 2986 si
540 2903 573 2965 in
585 2900 740 2965 Platonis
755 2898 958 2981 Republica,
969 2903 1027 2962 aut
1040 2916 1114 2962 oum
1127 2895 1289 2980 perfectis

185 3000 377 3066 bominibus
395 3002 583 3068 viveretur:
612 3002 815 3085 quasivero
841 2999 937 3063 detur
959 2998 1125 3072 sincerum
1148 2995 1288 3079 aliquid,

188 3103 258 3167 sine
270 3104 352 3169 mali
366 3103 567 3169 admistione
582 3122 717 3186 purum,
732 3106 766 3165 et
781 3103 824 3165 ab
840 3100 932 3164 omni
946 3105 1078 3164 terrena
1089 3097 1175 3164 faece
1189 3098 1289 3182 quasi

187 3201 301 3269 divino
313 3206 390 3286 igue
399 3212 589 3269 excoctum.
618 3202 761 3281 Profert,
769 3200 905 3267 habetis
915 3200 1001 3265 euim
1012 3200 1170 3265 fatentem
1183 3216 1290 3275 mum,

187 3304 262 3369 brec
276 3306 450 3389 AEgyptus
463 3306 573 3370 noxia
586 3304 704 3381 multa,
719 3311 756 3369 et
770 3303 876 3369 multa
890 3302 1039 3369 salubria
1052 3301 1172 3367 culturi
1186 3298 1290 3365 modi·
1409 3354 1415 3363 .

190 3413 380 3487 monuo
400 3408 504 3473 babet
517 3407 591 3473 baeo
605 3403 723 3471 Attica
735 3411 772 3470 ut
790 3405 858 3469 mel
880 3406 1055 3490 optimum,
1070 3404 1120 3468 itu
1141 3402 1290 3467 cicutam

189 3510 339 3575 letalem:
361 3516 395 3575 et
412 3510 449 3573 in
471 3528 605 3575 arnoeno
619 3508 683 3572 boo
701 3513 803 3591 prato
817 3506 937 3571 urticis
951 3524 1045 3589 saepe
1058 3505 1170 3583 violae,
1184 3504 1291 3589 spinis

190 3630 275 3676 roste
303 3611 584 3677 internoscantur.
638 3610 716 3674 Vos
746 3628 847 3693 apum
877 3626 970 3673 more
999 3607 1114 3672 omniu
1139 3608 1289 3682 lustrate,

192 3713 320 3793 optima
338 3712 455 3777 libate.
499 3712 622 3797 Neque
646 3712 747 3788 enim,
777 3708 807 3773 si
835 3710 911 3793 quis
934 3710 1069 3791 ingenio
1093 3710 1181 3774 bono
1203 3706 1291 3771 male
1334 3762 1338 3772 ,

180 3818 310 3893 «utatur,
324 3813 473 3897 velitque
494 3831 555 3898 per
576 3811 807 3877 curiositatem
837 3829 913 3875 esse
938 3811 1111 3897 ingeniose
1137 3827 1291 3894 nequam,

690 4010 800 4063 soum
917 3974 924 3985 ’

224 4130 240 4176 t
255 4123 391 4189 zamira]
412 4124 492 4189 litos.
502 4123 621 4175 hirtius
631 4124 665 4175 de
676 4124 722 4175 Vl·
794 4128 812 4175 b
827 4120 1019 4189 Βαριωνᾶ
1036 4120 1189 4173 Plutarchus
1198 4119 1231 4171 de
1242 4118 1294 4172 Au·

192 4202 458 4255 terbilmllbam.
764 4198 865 4251 diendie
877 4198 1012 4250 Poitissx
1025 4196 1103 4247 Hom.
1116 4193 1206 4247 OM.

225 4283 242 4328 8
258 4278 456 4343 Κόπιιέι,8[ε.]
474 4276 532 4329 ut.
545 4290 592 4330 ιιι.
602 4277 724 4343 Epist-t.
