3034 4775
375 856 731 939 scalmorum
765 816 1033 932 vm'smom

686 1028 721 1067 ΑΟ
836 1046 841 1053 -

252 1134 711 1231 raccamoaem
750 1140 1160 1237 QUORUNDAM

371 1392 437 1459 DE
467 1392 517 1458 M.
539 1386 756 1458 VALERIO
787 1381 1043 1450 MARTIALE
1127 1374 1130 1379 ’
1217 1418 1226 1439 .

430 1614 984 1771 TESTIMONIA.

549 1893 859 1909 m—

548 1916 859 1937 w

397 2125 435 2191 G.
458 2124 624 2190 Parmos
647 2121 839 2188 caerites
862 2117 1040 2202 secono(

452 2241 650 2307 Goarsmo
673 2238 813 2304 Prisco
836 2257 907 2306 suo
930 2240 965 2305 S.

470 2374 636 2461 [Epistola
650 2374 726 2441 Lib.
737 2372 950 2453 111.oltlma.]

159 2497 304 2613 Aonio
318 2516 493 2584 Valeriam
518 2515 710 2582 Martialem
732 2515 934 2595 decessisse,
957 2521 992 2582 et
1015 2517 1158 2582 moleste
1178 2519 1260 2584 iero.

159 2620 241 2685 Erat
258 2620 361 2684 homo
383 2617 586 2701 ingeniosus,
616 2623 749 2695 acutus,
773 2637 862 2695 acer,
886 2618 1001 2702 etqui
1028 2617 1206 2701 plurimum
1227 2621 1261 2682 in

159 2719 336 2787 scribendo
359 2725 394 2784 et
414 2718 499 2783 ralis
525 2716 663 2786 haberet
687 2724 722 2784 et
741 2717 851 2798 sellis3
872 2737 936 2785 nec
962 2717 1118 2784 candoris
1139 2720 1261 2784 minus.

157 2823 368 2888 Prosecutus
379 2838 472 2886 eram
485 2820 610 2886 viatico
624 2820 846 2886 secedentem.
890 2820 1060 2887 Dederam
1073 2820 1263 2886 hocamici·

156 2924 228 3000 tiae,
243 2921 404 2988 dederam
417 2921 516 2988 etiam
532 2921 714 3001 versieulis,
724 2943 811 3007 quos
823 2922 867 2986 de
881 2941 935 2987 me
949 2922 1152 3004 composuit
1182 2921 1264 2988 Fuit

157 3025 262 3092 moris
275 3023 416 3108 antiqui,
441 3041 501 3088 eos
515 3022 573 3107 qui
593 3023 648 3086 rel
670 3023 875 3106 singolorum
896 3023 1029 3099 laudes,
1053 3023 1107 3088 vel
1127 3023 1263 3088 urbiam

160 3127 376 3209 scripserant,
397 3128 457 3190 aut
481 3123 663 3188 honoribus
686 3131 748 3188 aut
777 3123 922 3208 pecoma
943 3141 1069 3188 ornare.
1125 3121 1263 3188 Nostris

159 3245 239 3292 vero
254 3227 471 3310 temporibus,
485 3231 524 3290 ut
539 3224 607 3290 alie
621 3226 782 3309 speciosa
794 3232 828 3291 et
840 3225 982 3310 egregia,
1009 3225 1061 3290 its
1083 3223 1149 3290 hoc
1161 3224 1264 3308 inpri-
1411 3268 1413 3271 -

157 3329 225 3394 mis
238 3326 398 3392 exolevit
443 3325 536 3391 Nam
561 3332 743 3411 postquam
764 3327 925 3394 desiimus
949 3327 1056 3393 faeere
1080 3325 1262 3405 laudanda,
1434 3327 1446 3342 '

157 3427 293 3514 laudari
306 3447 440 3512 quoque
453 3430 604 3512 ineptum
618 3433 790 3514 putamus.
834 3427 972 3508 Quaeris
996 3431 1057 3513 qui
1079 3428 1148 3496 sint
1162 3431 1264 3494 versi·

161 3531 245 3609 coli,
260 3529 382 3613 quibus
396 3530 535 3612 gratiam
549 3529 740 3596 retulerimi
786 3528 1008 3596 Remitterem
1033 3537 1066 3596 te
1083 3530 1129 3595 ad
1150 3531 1262 3614 ipsum

162 3630 334 3708 volumen,
346 3631 412 3695 nisi
427 3628 593 3714 quosdam
607 3635 761 3696 tenerem.
805 3629 872 3710 Tu,
895 3630 926 3695 si
940 3631 1130 3714 placuerint
1142 3629 1189 3709 hi,
1210 3649 1264 3696 ee-

161 3738 254 3796 teros
267 3731 399 3796 inlihro
412 3730 575 3813 requires.
617 3729 810 3816 Alloquitur
824 3729 974 3810 Musam,
995 3730 1138 3798 mandet
1150 3731 1263 3798 utdo·

162 3849 254 3896 mum
267 3849 378 3895 meam
391 3833 427 3896 in
438 3831 601 3916 Esquiliis
613 3837 755 3917 querat,
770 3831 875 3898 adeat
888 3839 1093 3901 reverentert
1115 3832 1207 3917 [Lib.
1224 3851 1262 3899 x.

162 3929 276 4016 Epigr.
292 3929 364 4014 19.]

336 4031 404 4098 Sed
418 4052 461 4096 ne
474 4038 623 4117 tempore
637 4053 706 4098 non
721 4039 782 4099 tuo
797 4033 958 4103 disertam

337 4133 458 4200 Pulses
474 4136 568 4202 ebria
577 4138 727 4220 januam,
741 4137 864 4202 videto.
931 4209 934 4214 ,

231 4251 354 4315 nepas
369 4250 506 4302 Vonclsr.
602 4253 605 4270 ¹
659 4253 770 4302 Morliol.
926 4246 929 4252 ’
