3034 4775
247 362 292 428 20
528 374 761 425 nnsnruourn
787 378 835 425 nn
858 376 1067 427 enarrans.

536 524 645 591 Vetus
662 525 874 592 Glossarium
888 527 1053 593 hunum.

292 657 424 735 Petaso,
441 657 638 740 Petasonis3
660 680 774 745 perna,
788 661 938 726 haconis.
984 659 1154 724 Martialis
1166 657 1324 742 Goqous:

229 838 231 843 Ι
423 758 466 823 Et
482 759 607 841 pultem
624 760 759 825 dubiam
775 781 850 826 cum
865 768 1030 847 petasone
1044 782 1153 826 voras.

293 859 395 925 Extat
410 859 485 925 Lib.
502 876 557 923 ιιι.
588 860 702 944 Epigr.
717 862 772 926 77.
789 863 847 927 ubi
862 863 973 947 vulgo,
997 863 1060 928 ‘Et
1072 863 1210 947 pulpam
1224 860 1346 927 dubio!

238 960 418 1044 ,Laudatur
441 963 484 1026 ab
512 961 625 1026 eodem
643 960 896 1047 Glossographo
908 966 1008 1029 etiam
1024 964 1118 1041 alibi,
1130 972 1166 1028 et
1178 966 1242 1030 aab
1258 963 1348 1028 Mat·

248 1062 338 1127 tialis
354 1062 462 1146 Coqui
478 1064 612 1128 uomina
627 1070 791 1148 praeterea
805 1064 979 1146 longinum
993 1064 1056 1131 hoc
1072 1066 1267 1131 Distichon:

400 1162 548 1245 Desungi
563 1163 673 1245 fungis
689 1162 850 1243 homines,
867 1164 1029 1244 Macrine,
1042 1168 1209 1250 negabas:

464 1263 577 1329 Boleti
589 1264 648 1329 leti
662 1283 768 1329 causa
781 1263 871 1331 inere
887 1267 946 1330 tui.

431 1428 582 1513 Angelus
598 1427 797 1504 Politianns,
814 1428 1001 1495 Misccllan.
1018 1452 1093 1516 cap.
1108 1434 1140 1498 6.

297 1562 406 1627 Nimis
420 1563 507 1626 enim
521 1562 605 1627 foret
618 1563 794 1627 insubidas
809 1562 938 1629 Poeta:
960 1566 1049 1647 qood
1061 1567 1155 1633 nefas
1169 1568 1316 1634 credere.

671 1728 766 1793 Idem
782 1749 860 1813 cap.
876 1730 928 1794 52.

293 1863 383 1927 Sane
397 1882 460 1947 per
473 1866 579 1927 totum
595 1862 810 1947 Epigramma
824 1864 953 1946 signate
968 1884 1049 1928 usus
1065 1870 1115 1930 est
1129 1866 1239 1931 verbis
1249 1886 1347 1948 argn-

250 1966 398 2029 tissimus
413 1962 532 2040 Poeta,
548 1964 609 2027 Sto.
634 1971 670 2027 ut
685 1963 735 2028 sic
759 1962 825 2028 hoc
852 1962 1101 2048 Epigrammata
1123 1966 1205 2033 nihil
1230 1968 1345 2052 utique

251 2068 460 2151 pensitatius.

437 2229 531 2294 Idem
548 2232 582 2293 iu
598 2230 851 2295 Declamatione
866 2250 927 2314 pro
942 2230 1160 2310 Quintiliano.

292 2368 341 2434 Ut
363 2368 405 2431 ab
427 2362 693 2448 ingeniosissimo
713 2363 908 2429 Latinorum
930 2364 1213 2448 Epigrammatum
1229 2364 1348 2449 polita,

249 2479 283 2537 et
298 2477 308 2505 ‘
323 2489 418 2551 vagae
430 2465 618 2550 juventutis
632 2464 841 2543 moderator‚’
861 2476 896 2532 et
917 2472 927 2500 ‘
944 2465 1105 2532 Romanae
1120 2467 1227 2549 gloria
1239 2467 1347 2550 togae'

249 2594 325 2639 vere
340 2570 498 2636 meruerit
512 2567 683 2652 appellari.

329 2722 496 2788 sorianus
512 2719 698 2796 Poutanus,
712 2720 772 2782 lib.
790 2735 845 2782 ιιι.
859 2718 904 2783 de
920 2719 1091 2798 Sermone,
1104 2738 1183 2802 cup.
1199 2717 1251 2785 18.

291 2855 450 2922 Valerius
461 2851 629 2917 Martialis
640 2851 936 2917 artificiosissimus
947 2851 1231 2936 Epigrammatam
1239 2854 1348 2938 scrip·

250 2968 313 3036 tor,
337 2959 387 3021 ita
406 2957 442 3019 in
467 2955 510 3018 iis
529 2951 666 3036 quidem
678 2951 818 3035 jocatus
841 2957 906 3031 est,
927 2958 965 3017 ut
988 2953 1197 3036 frequentius
1217 2962 1347 3037 carpat,

249 3079 351 3146 quam
366 3058 528 3122 delectet:
551 3054 680 3120 tametsi
704 3075 724 3118 e
745 3054 958 3120 demorsione
975 3055 1053 3138 ipsa
1067 3053 1247 3120 delectatio
1261 3074 1348 3138 quo·

249 3183 316 3249 que
330 3161 468 3245 paritur.
510 3155 642 3221 Adhoeo
658 3157 758 3220 dictis
773 3157 847 3240 ejus
869 3158 991 3239 purtim
1009 3155 1241 3221 occultissima
1253 3175 1349 3240 quee-

133 3332 137 3341 .
249 3265 326 3328 dam
341 3263 455 3325 insunt
469 3257 617 3341 spicula3
640 3257 760 3339 partim
781 3258 888 3321 verba
901 3275 977 3338 quea
990 3275 1059 3319 non
1073 3255 1183 3319 solum
1200 3275 1222 3319 a
1235 3257 1348 3321 faceto

249 3365 317 3429 sint
332 3362 579 3436 alienaveram
592 3356 820 3420 autobscoena
833 3356 910 3439 ipsa
924 3355 1103 3420 admodum
1117 3353 1346 3439 scurriliaqne,

250 3470 309 3529 aut
322 3462 470 3527 maxime
485 3457 674 3542 ampullosa
688 3462 722 3521 et
730 3457 849 3521 acida:
865 3455 1104 3540 quodquidam
1121 3454 1346 3540 Hispanicum

250 3573 312 3630 est.
358 3563 442 3628 Sunt
455 3569 565 3625 tamen
581 3559 672 3624 dicta
686 3557 763 3643 ejus
775 3559 811 3622 iu
828 3559 1018 3622 universnm
1032 3561 1155 3639 arguta,
1169 3557 1347 3622 subtiliter·

250 3663 531 3750 quecunquisita;
547 3661 716 3725 abstrusa
728 3660 913 3735 sententiae,
924 3657 1119 3741 eaedemque
1127 3677 1222 3735 rarae,
1232 3659 1346 3737 salsae,

251 3767 433 3833 aculeatae:
448 3763 653 3826 inventiones
663 3779 740 3826 varo
755 3761 902 3824 maxime
917 3767 1047 3824 acutae:
1063 3760 1164 3824 rerba
1177 3760 1347 3844 praecipue

251 3865 514 3940 accommodata,
529 3880 676 3946 quaeque
701 3879 768 3925 non
790 3863 897 3945 prima
919 3867 1052 3924 tantum
1074 3858 1174 3937 facie,
1188 3870 1290 3945 atque
1310 3863 1346 3926 in

127 4025 130 4034 ,
250 3971 328 4053 ipso
345 3966 530 4050 explicatu,
544 3965 703 4027 lectorem
716 3963 863 4027 alliciant
883 3966 985 4045 atque
1003 3961 1207 4044 auditorem
1229 3983 1345 4028 verum

252 4091 329 4155 quae
343 4069 378 4133 iu
394 4067 468 4152 ejus
483 4067 595 4129 animo
610 4065 800 4148 relinquant
814 4065 953 4130 tacitum
968 4061 1135 4147 quandam
1152 4065 1247 4147 quasi
1266 4065 1345 4138 sub·
1416 4111 1421 4116 -
