3034 4775
256 285 297 349 16
560 297 599 359 u,
623 296 707 345 var..
732 292 941 343 uuurraurs
965 294 1063 343 vm.

256 442 371 516 vitam,
395 458 493 523 quam
514 440 547 503 in
570 420 861 523 ‘patria-speravit,
880 438 1023 518 invenit;
1043 438 1147 503 immo
1162 440 1363 505 aemulorum
1412 454 1419 463 ·

256 540 460 624 municipum
485 541 588 606 dente
611 541 777 607 laceratus
796 538 948 618 assidue,
966 559 1011 604 ex
1026 539 1234 624 aegritudine,
1249 540 1362 620 credo,

256 644 358 711 animi
373 644 522 709 morbum
543 642 710 726 concepit,
725 646 760 707 et
774 642 884 726 periit.
928 639 1021 707 Nem
1043 641 1149 725 paulo
1172 646 1261 725 post,
1285 639 1363 726 ejus

148 776 150 782 v
255 750 392 809 mortem
421 744 554 809 Plinius
578 744 721 827 eleganti
744 742 790 807 ad
816 743 974 808 Priscum
994 744 1139 827 epistola
1163 744 1363 827 deploravit,

255 846 423 929 simulque
444 848 534 915 velut
561 847 715 911 funebria
742 846 914 929 persolvit.
970 845 1097 910 Forma
1120 846 1190 912 oris
1219 851 1254 910 et
1276 865 1364 911 voce

255 948 342 1013 virili
357 949 431 1024 fuit,
455 949 566 1033 piloso
579 953 616 1013 et
628 948 757 1013 hirsuto
772 966 927 1030 corpore,
942 952 980 1013 ut
993 947 1056 1012 illa
1068 967 1149 1031 gens
1164 948 1362 1033 plerumque

255 1051 350 1131 solet,
393 1049 475 1114 Ηοο
490 1049 595 1133 poiita
609 1049 770 1126 ostendit,
786 1068 862 1113 cum
878 1065 918 1113 x.
939 1050 996 1116 db.
1016 1049 1273 1117 Carmenionem
1286 1068 1361 1115 car-

174 1220 179 1227 ,
255 1154 318 1236 pit,
335 1168 438 1236 seque
453 1151 568 1235 ipsum
581 1151 749 1241 depingit:

339 1286 343 1311 ι
380 1312 383 1320 ,
472 1252 642 1337 Hispanis
653 1272 716 1336 ego
730 1260 916 1319 contumax
930 1253 1077 1337 capillis,

472 1352 626 1423 Hirsutis
640 1372 704 1437 ego
717 1355 871 1419 cruribus
893 1356 1061 1439 genisque.

472 1456 523 1521 Os
537 1454 682 1519 blaesum
696 1455 771 1533 tibi,
783 1455 969 1541 debilisque
981 1456 1099 1539 lingua
1111 1464 1182 1521 est:

472 1556 584 1623 Nobis
599 1557 670 1622 tilia
682 1558 799 1623 fortius
812 1547 978 1642 loquetur.

299 1657 513 1743 Scripserunt
534 1657 673 1724 eundem
693 1659 862 1761 Martialis
876 1661 981 1726 vitam
1001 1658 1213 1738 Galden‘uus,
1238 1658 1363 1744 Sipon-

256 1759 357 1839 tinus,
373 1758 539 1843 Georgius
553 1758 820 1839 Alexandrinus,
843 1762 967 1827 Petrus
982 1761 1143 1840 Crinitus,
1166 1766 1200 1827 et
1218 1761 1278 1825 alii
1300 1760 1364 1825 hos

255 1854 370 1925 secuti
416 1859 493 1927 Nos
508 1880 553 1926 ex
571 1861 648 1946 ipso
671 1860 830 1929 Martiale
846 1862 1043 1951 Martialem
1057 1861 1225 1927 voluimus
1238 1860 1360 1943 depin-

255 1982 344 2044 gere.
389 1962 468 2027 Hoc
482 1964 659 2029 mantissae
673 1963 751 2029 loeo
766 1963 944 2041 addamus,
954 1962 1157 2048 quibusdam
1173 1960 1365 2026 Martialem

255 2063 368 2127 visum
382 2083 460 2128 esse
483 2084 589 2147 prope
605 2063 844 2131 Christianum.
887 2064 1017 2149 Accipe
1038 2083 1085 2130 ex
1106 2062 1297 2147 periphrasi
1311 2080 1366 2127 se·

256 2161 365 2228 cunda
386 2163 564 2228 luvenalis
581 2162 733 2229 Cluverii
756 2167 877 2231 verba:
899 2165 1058 2230 ‘Scitum
1082 2169 1136 2229 est
1156 2183 1249 2243 vero,
1272 2163 1366 2228 Mar-

258 2263 372 2329 tialem
398 2283 465 2328 non
489 2264 635 2328 invisum
661 2283 740 2329 esse
764 2264 986 2331 Christianis:
1017 2284 1097 2329 nam
1122 2263 1308 2329 Pudentem
1330 2270 1366 2328 et

259 2362 436 2432 Claudiam
449 2387 514 2450 par
534 2367 647 2432 nobile
661 2384 704 2432 ac
726 2367 830 2433 beato
846 2366 968 2434 Paullo
987 2364 1270 2452 jocundissimum
1289 2366 1366 2450 plu·

257 2469 351 2532 rimis
363 2468 398 2531 in
413 2469 536 2542 coelum
552 2468 710 2533 laudibus
726 2468 831 2534 effert.
875 2468 929 2533 Ac
944 2488 1045 2552 paene
1060 2487 1218 2550 auguror,
1242 2473 1367 2533 bemu-

257 2570 328 2633 lom
343 2569 511 2653 quendam
525 2570 608 2634 solis
631 2570 746 2634 marni
770 2568 997 2645 radiusculum
1019 2571 1076 2636 isti
1099 2569 1211 2654 poiitae
1226 2570 1364 2635 tandem

257 2669 444 2736 affulsisse:
466 2671 547 2736 licet
559 2672 658 2755 plura
671 2671 747 2755 ejus
762 2672 816 2736 vel
831 2672 945 2755 priora
960 2672 996 2736 in
1017 2671 1197 2737 lasciviam
1210 2679 1364 2753 vergant,

258 2779 298 2835 ut
317 2771 419 2837 hodie
442 2773 557 2838 multis
573 2771 775 2838 Christianis
789 2772 950 2854 contigit?
993 2772 1067 2856 Ego
1089 2778 1199 2837 tamen
1218 2772 1364 2837 nondum

259 2873 413 2951 inducor,
435 2878 471 2938 ut
482 2874 547 2938 hoc
561 2875 604 2939 ad
620 2875 769 2940 animum
783 2874 971 2952 admittam,
992 2874 1059 2938 nisi
1068 2875 1154 2954 mihi
1169 2874 1317 2939 sanctior
1330 2879 1366 2938 et

257 2975 378 3039 certior
392 2975 487 3038 testis
498 2976 633 3039 tabulas
648 2977 736 3040 alias
750 2976 920 3053 exhibeat,
931 2974 1022 3059 qnod
1031 2974 1099 3053 hic,
1111 2994 1208 3058 quem
1222 2974 1364 3051 adduxi,

257 3083 326 3141 tam
341 3078 479 3142 idoneus
494 3081 527 3141 et
548 3082 686 3143 sauctus
702 3077 867 3155 videatur,
888 3096 992 3162 quam
1012 3078 1096 3161 ipse·
1109 3075 1282 3141 Martialis
1300 3082 1363 3139 est.

259 3175 396 3240 Pudens
410 3182 521 3242 autem
532 3178 588 3242 ille
600 3186 636 3242 et
646 3176 802 3255 Claudia,
814 3197 901 3260 quos
912 3178 949 3242 S.
962 3177 1102 3242 Paullus
1113 3177 1242 3241 salome
1253 3177 1363 3262 jubet,

257 3297 325 3342 non
348 3276 501 3342 videntur
524 3278 560 3355 ii,
586 3295 673 3361 quos
697 3275 867 3342 Martialis
896 3278 1059 3343 celebrat.
1104 3277 1184 3342 Fuit
1205 3278 1294 3342 enim
1317 3275 1361 3341 A.

260 3377 398 3443 Pudens
427 3377 611 3457 Martialis,
638 3380 789 3444 centurio
818 3378 983 3462 profanus
1011 3384 1047 3443 et
1076 3377 1231 3462 Encolpo
1258 3397 1363 3462 puero

259 3481 495 3564 transcriptae,
526 3480 852 3564 conphilosophos.
896 3481 1069 3547 Pmterea
1095 3481 1205 3544 multo
1229 3480 1299 3544 illis
1327 3479 1363 3544 hi

252 3581 415 3664 juniores,
446 3581 636 3665 dequibus
663 3595 713 3644 1v.
740 3579 793 3645 13.
819 3580 959 3664 plenius.
1004 3580 1145 3646 Pudens
1169 3582 1296 3664 hospes
1323 3579 1362 3645 S.

234 3680 350 3746 ¹Petri
376 3682 501 3746 ordinis
520 3683 592 3766 jam
619 3689 691 3747 tum
715 3681 891 3760 senatorii,
919 3700 987 3746 non
1017 3684 1177 3748 centurio.
1221 3681 1362 3746 Fabulis

257 3801 334 3862 ergo
349 3785 490 3863 gemina,
504 3803 579 3866 quae
589 3791 724 3848 narrant
735 3785 942 3851 Britannicae
954 3785 1182 3870 antiquitates,
1193 3783 1361 3868 anuperis

258 3882 473 3966 scriptoribus
488 3885 709 3951 concinnatae.
