3034 4775
436 335 667 386 nuanruoura
693 335 744 384 nu
767 299 975 386 naumann.
1210 327 1255 394 23

153 477 284 562 jndicio
308 477 472 562 superba3
493 497 557 543 nec
579 495 727 561 unquam
749 477 787 542 iu
811 479 965 546 confesso
987 480 1111 563 pudore
1136 481 1253 550 Politia

158 581 345 647 adulatrix:
368 581 458 665 qnod
473 580 599 665 lepida,
622 586 657 644 et
680 579 781 644 aalais
795 579 918 646 finibus
933 583 1091 648 aculeata
1105 583 1253 650 carmina

156 681 334 748 lectitaret
376 681 564 747 Elocutioui
588 688 683 748 caete
705 689 818 747 tamen
840 684 969 768 puritas
994 687 1093 749 acin
1115 703 1252 750 numero

157 805 246 871 napo
260 787 345 851 duro
358 785 476 850 lenitas
490 783 614 849 defuit:
630 783 741 867 qualis
750 783 786 848 in
795 782 931 850 Catullo
944 791 1130 870 praetenero
1143 787 1253 854 Poeta

158 889 374 972 nominitur:
389 906 466 952 cum
480 884 650 968 ingeniose
662 886 813 951 mordaci
826 893 862 950 et
876 886 1006 971 impuro
1014 887 1162 980 Martiali
1176 909 1251 972 par.

157 990 275 1054 similia
304 1007 382 1052 eene
408 986 531 1064 mallet,
553 993 592 1050 nt
613 1005 681 1050 una
703 986 890 1070 praesertim
913 994 1079 1070 peracuta
1109 988 1251 1055 circum·

158 1090 332 1174 doctaeque
347 1089 522 1153 sententiaa
534 1088 639 1170 gloria
651 1087 834 1166 duceretur,
850 1091 910 1152 &a

176 1253 332 1320 Andrean
347 1253 549 1338 Naugerius,
562 1253 715 1320 Auctore
727 1255 763 1318 in
778 1254 899 1320 iisdem
916 1253 1045 1338 Elogiis
1061 1255 1101 1320 Ρ.
1115 1253 1229 1322 levio.

196 1389 283 1455 Cum
298 1387 551 1474 Epigrammata
566 1390 736 1473 praestanti
755 1388 890 1472 judicio
904 1387 1110 1472 lepidissime
1124 1391 1250 1457 scribe-

156 1497 213 1569 ret,
234 1511 300 1556 non
313 1490 415 1556 aalsie
427 1490 658 1574 aculeatiaqne
673 1490 806 1566 finibus,
827 1490 888 1554 sed
902 1496 1016 1554 tenera
1037 1489 1097 1554 illa
1116 1498 1152 1556 et
1164 1511 1250 1576 prae·

156 1591 244 1658 dulci
266 1593 383 1677 prisca
405 1591 575 1656 enaritate
603 1589 794 1669 claudebat,
822 1591 907 1656 adeo
936 1589 1085 1655 Martiali
1114 1609 1249 1658 severus

156 1692 274 1771 bootia
296 1701 334 1760 ut
355 1693 537 1778 quotamia
567 1697 656 1758 stato
681 1692 737 1757 die
767 1690 877 1758 Musis
904 1691 1015 1756 dicato
1040 1691 1147 1758 multa
1172 1693 1248 1776 ejus

156 1795 336 1874 volumina,
357 1804 519 1879 tanquam
531 1797 671 1880 impura,
694 1813 770 1860 cnm
792 1793 1004 1884 exacratione
1019 1788 1174 1858 Vulcano
1198 1793 1248 1858 dl·

157 1902 316 1962 carentnr.
1081 1915 1087 1926 ·

197 2078 275 2143 Alia
289 2079 427 2143 sinistra
440 2078 620 2144 infelicium
636 2075 834 2142 criticorum
853 2075 986 2160 judicie
1008 2072 1086 2139 vide
1104 2073 1141 2138 in
1156 2070 1247 2136 Mar-

156 2181 233 2246 tiale
247 2181 289 2245 P.
305 2178 473 2245 Scriverii.
507 2181 511 2187 ’
