3034 4775
655 324 753 377 vrrs.
1204 311 1248 380 15

1504 441 1505 486 l

233 470 308 539 Vos
322 472 415 537 eritis
427 478 553 537 nestrae
568 480 698 557 portus,
713 474 911 559 requiesque
925 481 1080 554 senectae,

278 577 316 641 Si
324 574 412 662 juris
425 574 548 640 inerint
562 576 632 640 otia
646 584 763 641 nostra
776 579 839 641 soi.

188 677 322 742 Amicis
346 696 427 741 usus
446 681 509 753 est,
530 684 654 759 praeter
676 675 842 756 Coesares,
864 679 965 744 claris
988 685 1023 744 et
1038 680 1245 764 potentibus,

145 786 181 845 et
193 778 330 845 multis:
355 777 524 857 Stertinio,
547 798 647 861 quem
668 778 812 844 Avitum
831 787 944 859 vocat,
968 781 1131 859 Deciano,
1152 781 1245 847 Lici·

142 884 257 961 niuno,
265 880 388 957 Stella,
400 878 544 963 Nepote,
554 880 662 965 Lupo,
671 880 788 946 Plinio
792 879 938 965 juniore,
950 879 1245 961 CornelioPrisco,

142 982 238 1048 lolio
251 982 423 1060 Martiale,
444 981 578 1065 Regulo
593 990 737 1060 oratore,
758 981 984 1062 Quintiliano,
1004 982 1146 1062 Quinto,
1162 981 1245 1049 Ovi-

144 1086 213 1163 dio,
235 1078 415 1161 temate,
431 1082 571 1148 Valerio
598 1084 735 1161 Flacco,
758 1082 856 1161 Silio,
879 1081 1059 1147 Parthenio
1087 1091 1244 1166 tyranno·

12 1256 14 1265 ,
142 1194 257 1265 ctono,
285 1186 432 1270 aliisque
456 1184 695 1267 compluribus,
721 1202 809 1268 quos
833 1185 964 1268 passim
988 1184 1023 1248 in
1049 1186 1123 1249 suis
1146 1184 1242 1251 libris

142 1290 277 1353 aeternis
299 1295 397 1352 ornat
423 1285 556 1369 elogiis.
613 1286 667 1350 De
693 1286 806 1353 Statio
824 1287 989 1352 mirantur
1014 1286 1132 1370 aliqui,
1165 1305 1242 1351 cum

141 1390 258 1454 eodm
273 1394 426 1472 ternpore
441 1386 598 1466 vixerint,
612 1388 703 1452 idem
717 1406 809 1472 coepe
818 1394 1045 1472 argumentum
1058 1386 1242 1465 nactarint,

107 1506 111 1521 ·
142 1490 281 1555 eosdem
295 1490 425 1555 amicos
439 1488 610 1567 coluerint,
633 1507 693 1557 cur
711 1490 806 1555 nulla
818 1490 975 1556 amicitiae
989 1496 1069 1555 note
1082 1491 1168 1554 inter
1181 1487 1244 1552 bos

141 1596 240 1656 extet.
290 1590 346 1655 An
369 1590 459 1674 qnod
481 1592 571 1655 nulla
594 1592 772 1676 singularis
793 1593 958 1657 intereos
977 1590 1189 1657 necessitudo
1209 1594 1243 1653 et

12 1694 14 1773 ξ
139 1710 223 1757 oms
237 1692 319 1757 vites
341 1692 592 1757 intercesseriti
623 1710 668 1757 nu
688 1692 824 1758 occulta
845 1692 1166 1778 aliquadisseusiot
1197 1712 1242 1758 an

12 1828 14 1851 ι
139 1794 343 1877 ingeniorum
354 1793 476 1873 studia,
486 1799 751 1875 mereseium
763 1796 931 1863 divsnaet
950 1796 1096 1882 eoquod
1109 1796 1242 1862 Statius

12 1938 13 1951 η
140 1894 235 1974 celer,
258 1903 294 1961 et
315 1914 408 1981 saepe
421 1897 665 1981 extemporalis
688 1916 796 1982 prope
813 1898 928 1982 poiita,
950 1903 989 1964 ut
1002 1918 1047 1963 ex
1060 1897 1241 1982 Sylvarnm

139 1994 395 2078 prefationibus
409 1996 528 2076 discis,
544 1998 659 2063 subito
674 1999 896 2080 gratularetur
908 1999 962 2064 vel
976 1999 1140 2083 Principi,
1163 2016 1241 2064 cnm

12 2160 13 2173 ἶ
140 2096 266 2181 aliquid
279 2097 358 2163 novi
371 2100 426 2164 rel
441 2099 580 2179 accidit,
589 2098 646 2167 vel
659 2099 832 2166 mnditum
843 2106 911 2179 est,
924 2100 1016 2184 quod
1027 2118 1094 2165 non
1108 2099 1243 2165 ridetur

12 2188 13 2275 ἶ
139 2198 292 2280 potuisse
315 2199 494 2281 Martialis,
518 2209 580 2267 aut
601 2201 762 2268 voluisse.
806 2202 910 2283 Quod
933 2206 1044 2288 ipsum
1066 2222 1142 2269 reor
1163 2203 1251 2283 init,

139 2318 196 2364 cnr
208 2298 320 2365 nullus
338 2300 575 2367 familiaritatis
598 2302 703 2367 index
725 2300 787 2370 aut
809 2305 1008 2390 symbolum,
1030 2312 1088 2370 ant
1105 2314 1240 2371 contes-

137 2401 263 2466 seratio
279 2402 373 2486 apud
384 2405 567 2489 scriptores
588 2403 782 2487 reperiatun
825 2405 1014 2471 librarioru
1027 2425 1167 2490 puerum
1181 2407 1241 2470 he-

137 2501 219 2580 buit,
232 2501 351 2568 Afrnm
364 2499 584 2584 Demetrium,
596 2525 699 2589 quern
709 2507 918 2588 moriturum,
930 2527 1007 2573 aero
1017 2507 1129 2587 nimis,
1140 2506 1239 2572 liber-

137 2609 204 2669 tate
219 2603 368 2685 donarit,
388 2607 431 2672 de
446 2625 517 2690 quo
534 2608 647 2673 r.102.
1212 2687 1216 2692 ,

268 2706 336 2773 ille
348 2725 468 2774 manus
483 2709 655 2793 quondam
667 2709 852 2777 studiorum
866 2711 935 2777 lida
947 2728 1110 2790 meorum,

308 2809 355 2874 Et
366 2809 449 2876 felix
463 2810 611 2890 domino,
632 2819 781 2898 notaque
794 2812 1002 2880 caesaribus.

136 2909 241 2977 (irari
265 2911 384 2976 morbo
405 2911 510 2977 semel
532 2911 707 2993 duntaxat,
729 2914 809 2980 dum
831 2914 953 2982 Romee
974 2915 1072 2996 vixit,
1093 2919 1238 2982 tentatus

135 3016 195 3090 cst,
212 3013 296 3075 v'rrr.
310 3012 365 3078 25.

351 3113 478 3180 Vidisti
493 3115 609 3193 semel,
625 3115 798 3198 Oppiane,
819 3121 951 3181 tuntum
1074 3167 1078 3174 ,

352 3217 493 3300 AEgrurtr
505 3237 560 3282 me
573 3215 681 3283 male:
704 3235 798 3302 soepe
814 3224 847 3282 ta
861 3217 996 3284 ridebo.

136 3315 211 3382 lib.
228 3334 277 3382 vr.
292 3317 345 3384 58.
362 3337 399 3383 se
407 3319 481 3404 jam
494 3339 597 3404 prope
611 3321 860 3386 conclamatum
876 3323 947 3387 ait:

222 3419 254 3483 0
270 3439 373 3503 qoam
387 3438 484 3504 paene
498 3420 561 3516 tibi
574 3419 709 3504 Stygius
724 3437 788 3504 ego
800 3429 922 3510 raptus
937 3423 982 3488 ad
995 3422 1117 3503 undas,

264 3521 393 3606 Elysiae
406 3521 477 3587 ridi
491 3521 609 3586 nubile
622 3522 721 3586 tusca
734 3522 864 3606 plagae!

185 3622 383 3688 Domitiano
409 3623 556 3704 sublato,
585 3623 770 3690 Parthenio
795 3624 985 3693 Maecenate
1013 3626 1125 3692 amice
1151 3627 1238 3694 auli·

12 3731 13 3738 ’
134 3743 175 3788 eo
211 3744 235 3789 u
266 3724 431 3790 militibus
463 3726 650 3806 interiecto,
683 3747 761 3793 cum
802 3727 894 3811 apud
923 3727 1074 3795 Nervam
1108 3747 1238 3813 parum,

134 3824 224 3907 apud
256 3825 443 3912 'l'rnjanum
476 3828 558 3893 nihil
591 3835 724 3913 posset,
755 3849 866 3895 rernnr
898 3831 1099 3896 nrbauamm
1132 3832 1238 3897 toedio

135 3925 288 4004 affectus,
313 3928 509 4012 urgentibus
538 3930 612 4013 jem
638 3931 741 3997 taedio
771 3938 807 3999 et
842 3933 934 4010 fatis,
970 3932 1114 4016 patriam
1142 3952 1237 4016 repe-

134 4029 222 4103 tivit,
246 4029 283 4091 in
311 4047 429 4114 caque,
460 4030 614 4097 coniecto
638 4052 699 4117 per
722 4033 895 4100 triennium
917 4034 1002 4099 libro
1024 4034 1237 4111 duodecimo,

135 4133 262 4195 neturoe
296 4133 485 4198 concessit:
520 4150 627 4216 neque
656 4134 744 4199 enirn
775 4142 845 4200 tam
872 4138 1002 4218 mam
1031 4139 1066 4201 et
1097 4152 1238 4200 suavem
