3034 4775
653 283 752 333 Vl'l'A.

147 427 222 492 Lib.
239 427 379 494 111.18.

281 531 342 600 Me
357 533 489 600 multos
496 532 644 619 repetita
657 538 739 618 post
751 533 956 598 Decembres

279 635 427 721 Accepit
435 656 512 708 mea
524 635 752 725 rusticumque
765 635 847 700 fecit

282 737 379 804 Auro
395 738 532 807 Bilbilis
547 745 581 804 et
594 739 741 822 superba
751 738 851 804 ferro.

150 838 273 904 Sedde
281 841 393 925 patria
401 841 570 912 Martialis
577 848 615 906 et
622 842 665 906 de
675 840 740 906 bac
751 841 867 906 Bilbili
879 840 975 925 plura
988 857 1012 904 1.
1022 841 1076 906 uo.
1110 839 1255 908 Romam

149 941 252 1019 venit,
281 963 358 1008 cum
387 963 511 1011 annum
536 951 652 1026 ageret
674 943 815 1008 alterum
837 951 873 1008 et
896 943 1094 1008 vicesimum
1118 941 1254 1009 Nerone

149 1038 354 1126 imperante:
376 1045 446 1128 egit
458 1046 494 1108 in
507 1046 713 1116 musmones
727 1045 875 1128 quinque
891 1061 997 1126 supra
1010 1044 1163 1128 triginta:
1187 1045 1255 1109 dis-
1289 1122 1292 1128 ,

151 1145 255 1208 assit
275 1146 420 1229 septimo
441 1154 478 1211 et
502 1146 790 1231 quinquagesimo.
844 1143 946 1223 Quod
974 1144 1050 1226 ipse
1067 1163 1132 1218 ¹me
1158 1145 1260 1210 docet

150 1243 267 1326 polite,
280 1265 359 1310 cum
374 1263 445 1312 xri.
458 1249 513 1314 al.
529 1247 698 1312 detortis
707 1244 884 1312 Marcella
899 1245 1016 1311 uxoris
1029 1245 1078 1310 itu
1091 1249 1197 1312 canit:

239 1344 383 1412 Munera
395 1353 474 1414 sunt
486 1348 632 1414 dominae
646 1354 725 1431 post
738 1348 884 1431 septima
897 1347 1004 1412 lustra
1017 1365 1160 1412 reverso.

153 1446 228 1513 lib.
241 1467 323 1513 vero
335 1464 375 1515 x.
385 1450 462 1516 lut.
476 1469 498 1516 a
511 1451 622 1534 patria
635 1469 673 1514 se
682 1449 819 1531 triginta
829 1451 974 1531 quatuor
985 1467 1091 1514 annos
1103 1447 1256 1514 abluisse

152 1549 262 1616 adbuc
275 1551 311 1615 in
325 1553 405 1617 urbe
412 1554 538 1636 degens
549 1551 696 1635 scripsit
740 1550 848 1614 Porro
861 1565 900 1612 x.
914 1549 968 1614 ut.
984 1548 1027 1613 de
1043 1549 1118 1614 suis
1131 1548 1257 1616 Kalen-

152 1649 216 1729 dis,
228 1660 343 1718 monet
356 1673 395 1720 se
409 1653 724 1739 quinquagesimum
738 1651 917 1736 septimum
931 1670 1053 1716 aunum
1067 1653 1235 1736 attigisse:

327 1753 613 1839 Quinquagesima
624 1754 696 1819 liba
712 1751 957 1836 septimamque

324 1852 462 1919 Vestris
476 1853 635 1919 addimus
647 1853 737 1918 banc
750 1853 839 1919 focis
854 1871 1010 1918 scenam.

155 1954 209 2020 Ex
224 1954 349 2040 quibus
365 1954 543 2033 concludo,
565 1954 702 2038 politam
721 1954 785 2019 sub
810 1952 958 2032 Nerone,
973 1954 1098 2034 Galba,
1114 1953 1259 2036 Othone,

156 2056 311 2136 Vitellio,
339 2057 568 2142 Vespasiano,
592 2057 688 2134 Tito,
718 2055 925 2133 Domitiano,
950 2053 1076 2134 Nerva,
1099 2055 1259 2140 trejano,

156 2156 276 2225 nome
288 2159 432 2238 mussa,
447 2177 537 2237 oum,
552 2163 590 2222 ut
608 2159 708 2241 plane
731 2155 852 2235 sentio,
875 2157 939 2221 sub
960 2158 1102 2241 primum
1119 2158 1259 2243 leejani
1341 2177 1345 2184 ·

156 2279 288 2338 mnum,
307 2259 401 2344 quod
416 2261 460 2326 ab
476 2279 519 2325 eo
532 2258 763 2342 negligeretur,
775 2258 811 2322 in
826 2258 1131 2356 patriamrediqrit,
1145 2260 1260 2342 ibique

154 2367 232 2445 post
244 2361 512 2446 quadriennium,
532 2379 702 2427 summum
722 2359 982 2449 quinquennium
1001 2367 1168 2439 exactum,
1184 2361 1260 2427 ulti-

155 2482 246 2529 mum
258 2464 341 2529 ritae
356 2463 448 2529 diem
461 2464 630 2541 clauserit,
642 2463 691 2529 ita
704 2469 742 2527 nt
757 2462 955 2540 ἑξηκοπαιτὴς
968 2461 1039 2547 sere
1054 2464 1185 2542 obierit,
1199 2470 1260 2529 aut

156 2584 278 2629 annum
289 2564 375 2629 ultra
393 2564 497 2629 vitam
510 2564 705 2648 prorogarit.
750 2559 847 2626 Obiit
861 2580 939 2642 ergo
954 2580 1042 2627 anno
1058 2568 1137 2646 post
1152 2563 1193 2629 C.
1212 2564 1259 2631 N.

157 2681 229 2727 civ.
244 2660 309 2730 aut
320 2665 449 2749 quinto,
459 2663 598 2749 Trajaui
613 2668 733 2747 quarto
744 2669 807 2729 unt
817 2661 944 2745 quinto,
953 2660 1041 2729 Sura
1051 2672 1088 2731 et
1098 2664 1261 2753 Serviano

156 2766 275 2830 iterum
302 2763 405 2831 coss.
431 2764 569 2849 olymp.
584 2779 760 2842 „ocxma
786 2778 826 2827 11.
849 2768 929 2847 post
952 2763 995 2828 U.
1022 2764 1060 2829 C.
1088 2782 1260 2843 noocurv.

116 2916 121 2925 .
156 2864 279 2935 Rome
290 2866 499 2944 Domitiano,
513 2866 617 2931 immo
631 2871 667 2931 et
677 2865 761 2931 -Tito
775 2883 875 2929 curus
890 2870 1067 2950 gratusque
1078 2867 1153 2946 luit,
1167 2887 1260 2951 mag-

158 2969 278 3052 nisque
291 2968 473 3033 honoribus
486 2973 522 3033 et
534 2969 635 3034 donis
652 2968 696 3035 ab
716 2974 857 3049 utroque
878 2971 1033 3033 ornatus:
1049 2968 1126 3051 jure
1140 2987 1261 3052 nempe

160 3069 256 3133 trium
275 3068 465 3147 liberorum,
486 3068 576 3152 quod
593 3068 710 3146 solum
730 3067 919 3149 Imperator
938 3066 1139 3145 conferebat,
1152 3070 1261 3134 maxi·

161 3190 291 3256 meque
314 3176 541 3253 argumentum
565 3169 682 3254 gratim
702 3173 782 3233 erat
826 3166 880 3231 De
902 3184 970 3250 quo
993 3165 1126 3232 Plinius
1144 3170 1262 3247 minor,

159 3271 310 3351 Tacitus,
323 3272 476 3356 lipsius,
490 3272 563 3350 alii,
584 3277 618 3337 et
637 3289 702 3335 uos
725 3288 791 3335 suo
811 3268 898 3334 loco.
943 3268 1115 3335 Gloriatur
1135 3268 1177 3335 de
1195 3271 1261 3335 hoc

160 3374 546 3458 munerepoiitaur.95.
1185 3362 1188 3369 ⁴

242 3472 545 3540 Proemialaudato
561 3473 678 3539 tribuit
691 3471 774 3537 milri
789 3469 906 3537 Caesar
920 3477 1073 3556 uterque,

287 3570 522 3657 Natorumque
536 3573 631 3639 dedit
636 3573 720 3658 jura
733 3579 871 3657 paterna
884 3572 992 3639 trium

161 3676 205 3743 Et
219 3692 275 3742 rx.
289 3676 344 3742 98.

245 3776 430 3861 Rumpitur
443 3776 582 3854 invidia,
596 3775 714 3841 tribuit
726 3774 820 3861 quod
836 3772 954 3841 cesar
969 3780 1109 3859 uterque

284 3878 308 3945 J
310 3900 350 3945 us
363 3879 445 3944 milti
459 3885 627 3956 natorum,
642 3876 809 3960 rumpitur
822 3876 961 3942 invidia.

163 3980 208 4047 Et
223 3996 264 4045 ιι.
278 3980 334 4046 92.

376 4078 544 4145 Natorum
556 4078 639 4144 mibi
649 4079 709 4163 jus
725 4078 823 4143 trium
838 4079 968 4161 roganti

376 4180 551 4247 Musarum
565 4180 714 4264 pretium
727 4179 822 4245 dedit
835 4200 994 4258 mearum,
