3034 4775
308 827 348 864 ,ι

235 927 338 949 ’
441 954 533 1065 Μ.
557 950 716 1040 van.
762 943 1142 1036 Mamurius

579 1214 996 1347 VITA,

371 1504 420 1556 ux
436 1504 519 1557 ruso
536 1454 1217 1594 aremare.rourssrn'runr‘ueraonrrr,

693 1711 894 1774 AUCTORE

505 1911 753 2030 Maura.
795 1907 1086 2014 annuae.

244 2447 313 2535 Μ.
337 2470 436 2536 Van.
458 2471 695 2549 Maurienna,
721 2479 818 2555 patre
842 2470 1022 2549 Frontone,
1044 2477 1151 2536 matre
1174 2468 1349 2547 Flaccilla,

243 2574 361 2640 Bilbili
390 2574 427 2637 in
457 2573 651 2653 Celtiberia,
682 2573 819 2640 clandii
854 2574 945 2656 Imp.
976 2592 1062 2637 auno
1089 2578 1352 2656 praeterpropter

242 2674 361 2758 primo,
376 2671 502 2738 Glurieti
518 2690 631 2739 xurrr.
652 2694 845 2761 quanquam
866 2675 930 2738 hoc
953 2694 998 2740 ex
1020 2674 1217 2757 conjectura
1230 2670 1352 2755 magia,

244 2795 349 2860 quam
368 2772 517 2854 ἀποδείξει,
538 2781 649 2854 natus,
673 2774 951 2857 Calagurritauus
971 2774 1038 2839 fuit
1058 2774 1224 2852 alumnus,
1246 2792 1352 2858 quam

244 2878 409 2943 obscurus
432 2877 597 2961 majorum
625 2876 810 2954 natalibus,
839 2880 910 2941 taur
939 2876 1049 2947 clarus
1080 2875 1206 2959 ingenii
1234 2893 1353 2940 mouu-

245 2963 377 3044 mentie.
415 2979 471 3045 De
483 2978 673 3044 nominibus
688 2976 809 3045 Poetae
825 2982 957 3044 constat
973 2998 1017 3043 ex
1033 2980 1180 3045 omnium
1195 2977 1354 3043 codicum

245 3078 336 3165 fide„
349 3080 409 3164 qui
439 3078 491 3145 Μ.
513 3077 688 3147 Valerium
718 3078 914 3146 Martialem
936 3080 1136 3164 praeierunt:
1162 3098 1251 3163 quae,
1274 3098 1353 3144 uum

245 3181 320 3265 ipso
347 3180 413 3245 eibi
437 3180 607 3257 asciverit,
633 3199 679 3244 an
701 3182 946 3264 aparentibus
970 3158 1153 3261 acceperit,
1180 3181 1214 3243 iu
1236 3180 1353 3244 medio

244 3281 407 3365 relinquo.
450 3278 654 3364 Quanquam
680 3277 792 3345 Marci
816 3284 851 3344 et
873 3278 1007 3349 Valerii
1034 3278 1192 3345 Romana
1219 3279 1354 3345 nomina

246 3380 368 3447 Romae
393 3379 537 3466 primum
558 3385 711 3447 assunto
725 3379 860 3465 judico.
904 3378 1022 3445 Civem
1047 3381 1136 3447 euim
1161 3380 1355 3447 Romanum

245 3483 352 3548 luisse
364 3484 477 3573 nullus
491 3482 619 3568 dubito,
634 3501 712 3548 cum
727 3484 806 3549 aliis
821 3484 898 3568 ipae
917 3484 1092 3549 civitatem
1106 3483 1302 3568 impetrarit,
1316 3492 1355 3549 ut

248 3600 305 3649 ιιι.
319 3586 375 3651 95.
397 3576 562 3667 ζΙοῐίαῐιιτ
574 3584 612 3647 in
626 3582 808 3649 Naerolum
817 3604 829 3650 2·

378 3686 474 3766 Quot
487 3684 570 3750 milri
584 3683 745 3753 Caesareo
758 3684 843 3751 loeti
858 3694 937 3753 snut
951 3706 1085 3753 munere
1100 3689 1207 3767 ciues,

422 3787 499 3853 Nec
512 3788 660 3852 famulos
674 3788 817 3876 totidem
832 3790 988 3875 suspicor
1003 3810 1080 3855 esse
1093 3790 1176 3856 tibi:

248 3908 312 3954 nec
329 3890 469 3972 fectum,
496 3890 557 3955 sed
579 3896 716 3983 uatum:
739 3892 868 3977 alioqui
888 3897 1066 3977 patronum
1089 3912 1188 3957 suum
1211 3895 1357 3958 carmine

247 3990 432 4059 laudasset.
471 3977 604 4067 {Facilis
623 4013 704 4059 vero
729 4002 802 4059 erat
824 4000 897 4060 tum
920 3994 1032 4059 aditus
1049 3994 1093 4058 ad
1114 3994 1174 4078 jus
1198 3995 1357 4074 civitatis,

250 4094 341 4178 quod
356 4093 520 4162 claudius
533 4102 605 4161 tam
618 4096 685 4162 vile
695 4097 832 4175 lecerat,
840 4103 878 4162 ut
892 4096 1006 4163 vitreis
1021 4096 1139 4162 fractio
1152 4096 1254 4180 vulgo
1269 4096 1359 4163 dice·

252 4202 345 4263 retur
358 4198 434 4264 emi.
479 4196 573 4265 Otho
587 4218 667 4267 vero
681 4200 867 4285 peregrinis
889 4200 993 4265 etiarn
1015 4198 1164 4278 donavit,
1187 4202 1223 4263 ut
1238 4197 1307 4263 Dio
1326 4199 1360 4263 iu
