3034 4775
674 414 774 462 vrrs.
1213 402 1255 469 ll

152 572 231 621 vrrr.
264 556 436 640 Polycrat.
452 572 528 639 cap.
542 554 575 621 6.
590 563 626 620 ot
639 556 692 621 13.
714 562 750 620 et
764 562 884 621 auctor
899 555 1109 640 Sopbologii,
1125 574 1190 622 vn.
1200 559 1253 624 12.

147 665 270 743 praeter
283 657 372 723 alios
386 657 561 741 quosdam,
584 658 644 741 qui
665 656 771 723 vitam
791 656 959 725 Martialis
973 660 1253 744 conscripserunt.

148 758 252 839 Quod
266 776 388 825 nomen
401 778 446 825 an
460 760 661 842 gentilitium
675 761 730 838 sit,
745 778 790 824 an
804 760 1021 844 postbnmnm
1035 766 1071 827 et
1082 761 1251 829 bominum
1269 766 1272 770 ’

147 862 263 927 studio
284 860 438 939 inditum,
462 880 531 926 non
555 861 706 927 decerno.
759 861 847 926 Sunt
870 862 928 947 qui
948 868 1109 929 oensem
1130 881 1152 929 a
1174 884 1252 931 con·

146 964 259 1042 viriis,
286 982 365 1048 quae
386 962 576 1047 frequenter
604 962 762 1043 celebrat,
791 962 928 1040 Xenis,
958 962 1252 1051 Apophoretisqne

148 1066 211 1131 boc
223 1066 274 1131 illi
289 1084 411 1130 nomeu
425 1064 614 1133 eonditum:
635 1066 696 1131 alii
717 1084 754 1130 re
774 1066 856 1150 ipsa
877 1080 1024 1150 coquum
1037 1068 1149 1149 egisse
1161 1069 1252 1152 prin·

148 1168 239 1250 cipio
253 1167 457 1231 existimant
501 1166 613 1231 rlitius
629 1182 694 1231 vn.
708 1166 763 1231 21.
808 1165 840 1232 A
860 1168 1043 1251 maj0ribus
1064 1167 1253 1235 adhaesisse

145 1266 193 1331 illi
206 1268 323 1351 potius
337 1266 537 1344 existimem,
553 1286 614 1331 seu
630 1284 749 1351 parens
763 1286 897 1351 coquus
911 1269 957 1333 ab
971 1268 1113 1335 artitieio
1128 1271 1249 1350 audiit,

146 1388 204 1433 son
230 1388 254 1435 a
280 1368 467 1452 majoribus
496 1368 638 1453 accepit.
683 1367 740 1434 Ob
761 1374 829 1435 tam
852 1388 967 1453 pauca
991 1370 1248 1454 epigrammata,

145 1471 268 1553 quibus
293 1470 449 1537 convivia
474 1469 632 1550 celebrat,
655 1470 942 1537 nomenclaturam
962 1471 1051 1537 bane
1075 1472 1249 1557 indeptum

144 1590 222 1635 esse
234 1592 301 1637 non
315 1578 365 1638 est
375 1592 454 1638 vcro
468 1572 585 1637 simile.
630 1574 686 1637 Ex
699 1573 868 1639 hodiernis
881 1574 1107 1657 scriptoribus
1119 1572 1248 1641 Gasan-

143 1674 262 1752 bonns,
276 1674 367 1739 Rob.
379 1673 501 1752 Titius,
511 1671 686 1754 Claudius,
698 1675 1042 1765 Musambertinsseu
1057 1675 1248 1755 Marcilius,

141 1774 263 1841 iterum
278 1794 422 1861 coquum
436 1775 634 1859 indigitant:
657 1776 716 1841 alii
738 1783 879 1860 negant3
902 1782 1084 1860 natumque
1100 1794 1247 1843 arerem

141 1878 227 1943 bunc
250 1896 294 1941 ex
317 1883 474 1961 corrupto
499 1876 686 1961 Lampridii
710 1878 829 1943 codice
851 1877 1047 1963 conjiciunt,
1072 1897 1173 1962 quem
1197 1880 1248 1946 ita

140 1978 273 2059 legunt:
305 1989 342 2043 ut
371 1976 541 2043 Martialis
562 2000 640 2057 coca,
668 1999 730 2064 pro
758 2001 890 2066 quoque.
933 1980 993 2045 Sic
1020 1981 1111 2045 enim
1139 1982 1248 2063 prisce

141 2080 364 2148 scribebatur:
386 2080 475 2145 nudo
495 2082 570 2147 coci
594 2100 655 2147 sen
679 2082 781 2165 coqui
803 2100 873 2147 vox
899 2079 1054 2148 derivata
1066 2099 1109 2147 ac
1123 2075 1247 2167 depra-

139 2187 232 2245 vata.
278 2180 450 2247 Meursius
464 2181 506 2247 de
531 2183 650 2267 gloria,
665 2182 839 2249 Glaverins
853 2184 890 2247 in
904 2183 977 2248 rita
991 2182 1111 2261 Persii,
1126 2183 1246 2250 Rarni·

139 2283 246 2346 resins
259 2281 303 2347 ad
319 2284 413 2366 prim.
423 2303 476 2369 ep.
489 2289 592 2369 spect.
625 2284 696 2351 Sed
711 2304 777 2369 ego
791 2285 943 2350 codicem
955 2283 1053 2349 illum
1068 2286 1244 2369 anfiquum

138 2380 324 2469 Iampridii
339 2391 496 2470 optarem
506 2387 684 2470 inspicere,
698 2391 734 2452 et
753 2389 788 2452 in
810 2405 880 2452 rem
901 2394 1098 2469 praesentem
1120 2388 1243 2453 venire

139 2483 232 2564 Quid
247 2487 361 2551 enim'l
383 2487 417 2551 in
439 2486 505 2552 bac
528 2487 607 2554 sula
631 2507 717 2554 voce
738 2492 889 2554 amarunt
911 2486 1050 2566 librarii,
1072 2488 1107 2552 in
1120 2490 1243 2556 ceteris

137 2587 314 2652 emendate
329 2589 559 2670 scripseruntt
580 2587 686 2654 Aliud
710 2594 776 2664 est,
799 2588 893 2672 quod
908 2606 962 2654 me
974 2595 1100 2667 movet,
1115 2599 1155 2656 ut
1168 2610 1243 2656 earn

137 2687 335 2772 scripturam
356 2689 405 2756 ita
424 2688 599 2772 legendam
621 2695 750 2774 putem,
775 2690 865 2773 quod
880 2689 956 2774 ipse
971 2691 1144 2758 mente
1159 2693 1243 2758 ordo

136 2787 303 2854 desideret
323 2809 451 2876 quoque.
493 2788 552 2854 Sic
579 2791 670 2854 enim
690 2789 924 2874 Lampridius:
958 2790 1133 2856 ‘Idcirco
1147 2792 1242 2876 quod

135 2890 231 2958 multi
246 2898 375 2977 septem
390 2891 510 2957 diebus
530 2892 687 2976 pulchros
701 2910 781 2958 esse
801 2891 918 2958 dieunt
930 2911 1004 2971 eos,
1018 2893 1077 2977 qui
1090 2893 1241 2977 leporem

135 2992 350 3072 comederint,
380 2999 414 3058 nt
452 2993 621 3059 Martialis
648 3013 786 3080 qnoque
815 2995 1022 3079 epigramma
1050 2993 1240 3076 signifieat!

134 3091 332 3177 Cognoscis,
345 3095 463 3173 lectur,
478 3115 579 3179 quani
594 3101 784 3178 opportune
797 3094 899 3160 cadat
916 3096 972 3159 bio
992 3094 1076 3159 illud
1098 3095 1240 3179 qaoque?

134 3195 336 3279 scripturam
365 3216 442 3279 ergo
470 3197 617 3279 priscam
645 3194 819 3262 confirmat
844 3195 923 3279 ipsa
948 3195 1052 3260 series
1077 3200 1112 3261 et
1140 3215 1238 3260 mens

134 3297 319 3362 verborum.
362 3298 437 3362 Etsi
452 3316 518 3363 non
529 3297 722 3362 necessario
735 3297 831 3381 legas
844 3317 980 3383 qnoque:
1001 3303 1139 3363 nomint
1150 3298 1238 3364 mrim

132 3417 252 3464 sensus
267 3399 481 3464 nibilominus
495 3398 670 3479 integeret
684 3397 864 3482 perlectus,
878 3399 909 3463 si
929 3397 1023 3481 legas
1043 3397 1122 3463 coci:
1142 3419 1238 3465 mens

130 3503 243 3564 minen
266 3499 409 3564 inclinat
429 3501 464 3564 in
489 3519 617 3584 quoque.
662 3498 776 3565 Multa
797 3502 899 3566 etiam
927 3499 1114 3564 Scriverius
1137 3519 1237 3584 snper

128 3620 215 3666 voce
229 3601 305 3666 coci
322 3601 366 3667 ad
381 3602 494 3686 Epist.
508 3602 595 3667 libro
607 3617 631 3667 ι.
646 3599 835 3683 praefixam,
847 3608 884 3665 et
899 3600 1057 3666 Barthins
1071 3601 1236 3685 vr.1.qui

129 3721 250 3768 cocum
264 3704 431 3804 appellat,
458 3710 492 3769 et
515 3722 684 3788 superea
707 3723 742 3768 re
765 3703 920 3786 disputat
941 3702 1127 3785 copiosius.
1171 3701 1236 3768 mr

128 3823 208 3868 cum
236 3805 302 3867 κατ’
330 3803 536 3886 ἀντονομασίαν
562 3805 887 3890 epigrammatarius,
914 3810 952 3869 nt
979 3803 1161 3869 Homerus·
1181 3806 1235 3870 vel
1353 3848 1355 3854 ,

126 3903 291 3988 Virgilius
313 3905 427 3990 potita,
452 3906 702 3972 Demosthenes
725 3905 782 3972 vel
806 3903 927 3972 Cicero
949 3910 1072 3982 orator,
1085 3905 1235 3988 pbiloso-

125 4006 215 4091 pbus
243 4008 455 4087 Aristoteles,
479 4008 609 4075 dieitur.
668 4009 851 4074 Parentum
872 4007 1019 4085 nomina,
1045 4007 1111 4073 nisi
1138 4007 1231 4072 filins

125 4114 312 4188 cantasset,
336 4108 505 4175 oblivione
529 4109 665 4193 sepulta
686 4110 860 4196 jacerent:
889 4110 948 4176 lib.
972 4125 1004 4173 v.
1027 4107 1232 4176 immortalia

124 4209 272 4277 reddidit
289 4231 343 4295 ep.
355 4211 409 4277 34.
