3034 4775
235 322 257 387 2
494 315 499 323 '
688 338 881 390 urrs'roua.

237 487 354 553 teriam
368 482 485 551 statim
506 482 704 549 exhausisse
728 482 810 561 mihi
830 482 954 550 videor.
998 484 1089 569 Ergo
1109 484 1189 551 Tibi
1206 487 1336 554 anxilio

231 590 306 673 jam
320 606 394 654 esse
408 586 524 671 nequit
544 592 656 651 noster
671 582 795 665 Poeta,
811 592 848 650 at
860 585 1079 651 delectationi
1103 607 1180 652 esse
1203 590 1335 673 poterit.

236 689 274 755 Si
300 687 447 773 quande,
469 688 549 753 dnm
568 685 715 771 quiescit
738 686 877 771 Europa
900 688 1105 771 benignitate
1128 689 1274 754 Maximi
1287 694 1336 756 tui

236 791 405 868 Parentis,
427 788 482 854 'l'u
506 790 636 865 saltem,
661 807 771 853 rerum
793 788 990 855 bellicarum
1015 791 1170 875 imagine,
1193 793 1336 857 venandi

217 884 222 897 '
237 893 369 958 scilicet
382 890 505 970 studio,
520 891 553 955 in
566 897 694 955 mentes
708 895 743 954 et
765 890 883 974 sylvas
897 898 1018 976 raptus
1031 894 1087 958 vel
1103 912 1204 958 unam
1217 895 1334 959 horam

104 972 109 995 ’
233 992 415 1061 donaveris
431 992 599 1058 Martiali:
1274 1050 1276 1053 .

364 1094 468 1160 Retia
482 1093 561 1159 dnm
576 1098 720 1172 cessant,
730 1093 973 1180 latratoresque
986 1094 1147 1175 molossi3
1187 1139 1192 1147 ι

407 1196 454 1261 Et
467 1215 534 1261 nou
547 1196 682 1261 invento
695 1197 793 1280 sylva
807 1198 951 1282 quiescit
962 1216 1061 1282 apro:

233 1320 296 1367 nec
309 1301 425 1365 horam
436 1306 540 1366 tesan
552 1298 737 1381 perdideris
750 1300 846 1377 forte,
860 1300 1050 1365 oblectatus
1063 1298 1194 1364 salibus
1206 1298 1334 1365 Atticis

232 1401 340 1466 nostri
354 1398 485 1477 Postu,
496 1407 531 1463 et
541 1398 713 1463 hominum
723 1400 884 1477 moribus,
893 1419 979 1484 quos
988 1400 1146 1465 describit
1156 1400 1335 1483 elegantis·

108 1508 112 1521 “
232 1504 327 1567 sime.
373 1500 454 1565 Hoc
469 1501 499 1566 si
515 1502 701 1584 contigerit,
714 1502 834 1566 merito
847 1502 1040 1584 gratulabor
1061 1508 1099 1566 et
1121 1501 1285 1581 Martiali,
1299 1511 1335 1569 et

231 1600 323 1664 mihi.
368 1598 741 1683 Vale,Suaaurss1uu
763 1599 982 1679 Duranius,
1006 1600 1133 1686 diuque
1147 1599 1334 1666 Galliarum

232 1700 369 1785 populis
381 1701 468 1766 viva

299 2020 357 2070 but.
374 2018 459 2070 Paris.
478 2018 606 2069 Kalendis
618 2019 704 2085 Maiis,

399 2113 431 2150 rr.
442 2112 487 2151 uc.
500 2113 587 2153 mx.
