3034 4775
484 360 794 413 salonentianae
822 364 894 411 bill.
918 364 950 408 V.
1202 352 1268 419 365

165 503 243 569 Vos
257 509 378 581 tamem
394 523 416 570 o
430 506 547 585 nostri,
563 526 605 571 na
621 508 775 572 festinate
788 508 911 574 libelli:
1000 502 1003 506 ’

210 606 341 691 sipost
354 606 426 672 sala
441 608 531 675 venit
545 607 662 692 gloria,
676 628 743 675 non
758 631 912 695 propero.

164 774 228 823 lori:
244 789 291 823 aaa
303 774 516 825 clareamus
530 789 598 824 seara
617 776 738 826 Ovidium.
776 776 823 825 Vos
839 777 930 841 itaque,
942 791 957 827 ο
969 772 1045 827 bostri
1063 778 1129 837 libri,
1144 796 1174 831 ae
1186 797 1270 849 prope·

160 844 233 889 rate:
248 838 351 889 siderea
358 840 445 903 pendet
455 855 471 890 a
480 846 565 901 morte,
574 839 722 901 sonjesliso.

626 949 810 973 W

162 1024 208 1073 alx
236 1021 362 1087 distlngei
388 1028 496 1088 possem
527 1023 555 1073 ia
584 1029 648 1075 vett.
676 1024 907 1075 membranis-di
935 1022 1081 1075 D'Orlesns
1112 1024 1186 1091 legit,
1211 1044 1268 1080 taos

160 1103 270 1155 propere.

678 1266 748 1331 XI.

598 1402 646 1451 na
676 1402 834 1451 senens.

164 1500 465 1583 sardonensis,
480 1504 687 1587 smaragdos,
704 1504 917 1583 adamantes,
933 1504 1085 1590 iaspidas
1099 1524 1167 1569 nno

208 1602 333 1671 Versat
346 1608 382 1671 in
398 1608 538 1673 articulo
554 1608 670 1687 Stella,
687 1606 823 1684 Severe,
838 1626 943 1671 meus.

164 1704 295 1772 Multas
310 1710 345 1772 in
360 1708 487 1788 digitis,
502 1712 617 1795 plures
632 1712 667 1773 in
682 1710 828 1775 carmine
845 1728 1006 1791 gemmas,

208 1810 383 1877 Invenias:
406 1813 485 1877 inde
501 1820 554 1878 est
566 1813 652 1891 haec,
668 1820 765 1898 puto,
780 1811 872 1877 culta
886 1832 1017 1876 manus.

196 1975 222 2026 0
233 1974 327 2037 Sedere,
337 1990 402 2026 aleas
420 1978 496 2028 Stella
513 1984 594 2040 gestet
611 1995 657 2029 seo
678 1980 757 2041 dig-ile
774 1978 941 2041 sardonychas,
958 1978 1106 2039 smaragdos,
1122 1978 1268 2039 edemaslas,

161 2038 520 2157 adamandas
536 2058 643 2106 gemmas
660 2044 687 2093 ia
703 2043 797 2106 digitis,
809 2044 890 2106 oleam
905 2042 931 2089 ia
942 2042 1061 2090 madeas:
1089 2041 1165 2106 llllac,
1176 2043 1267 2106 opinor,

626 2186 776 2206 0000000000
778 2186 806 2205 Ν

199 2269 211 2315 1
231 2264 262 2315 In
273 2266 423 2331 quibasdam
431 2268 577 2331 emmegdes.
611 2266 655 2321 Sic
667 2264 786 2317 scribunt
797 2268 913 2317 Brnukb.
925 2269 1014 2319 Berm.
1025 2274 1054 2318 et
1062 2268 1141 2319 Kein.
1159 2268 1193 2317 ad
1203 2269 1269 2318 Pro-

163 2336 233 2394 pert.
245 2344 276 2380 ιι.
288 2336 326 2382 lo.
340 2336 381 2382 ll.
394 2333 437 2383 nbi
449 2346 538 2382 omnes
549 2332 626 2382 codd.
639 2334 746 2391 babent,
760 2336 912 2394 smaregaos:
927 2334 964 2382 sio
976 2332 1055 2382 etlam
1068 2332 1184 2382 Broalrb.
1196 2341 1224 2382 et
1232 2333 1270 2383 H.

162 2395 242 2446 Voss.
250 2397 283 2446 ad
295 2397 392 2448 libell.
403 2413 422 2448 ι.
435 2406 458 2449 1.
471 2405 511 2448 bl.
521 2406 549 2448 el
559 2413 592 2448 ιι.
603 2404 627 2449 l.
639 2405 680 2450 nl.
691 2405 783 2446 contra
792 2400 871 2447 codd.
881 2397 960 2447 tidem
972 2415 980 2448 ε
998 2401 1035 2448 sic
1044 2399 1133 2450 Bnrm.
1143 2397 1176 2447 sd
1188 2398 1269 2449 (isid.

162 2460 275 2513 Metu.
286 2465 326 2511 24.
354 2463 423 2512 Vide
434 2464 547 2514 Brorrlrb.
560 2464 592 2512 ad
605 2465 727 2527 Propert.
744 2462 762 2511 l.
774 2476 799 2511 o.
843 2463 916 2513 Pier.
932 2464 965 2513 ed
978 2464 1048 2526 virg.
1066 2463 1126 2512 AEn.
1144 2477 1194 2512 ιιι.
1210 2467 1268 2514 aas.

162 2523 355 2588 Daarq.0rtbo
374 2543 393 2579 r.
401 2529 459 2578 Vol.
471 2541 502 2577 ιι.
518 2529 652 2578 Treet.2l.
681 2528 754 2576 Voss.
762 2526 795 2575 ad
808 2527 905 2576 Catali.
917 2543 943 2590 p.
955 2532 1014 2577 221.
1031 2527 1101 2576 Gud.
1116 2527 1150 2576 ad
1162 2527 1267 2578 Pbadr.

162 2599 209 2637 ιιι.
219 2593 258 2640 11.
268 2606 292 2656 p.
299 2595 340 2641 13.
388 2593 510 2642 ematerlr.
521 2593 553 2642 ad
566 2595 673 2643 Lucina.
706 2588 768 2640 lnd.
779 2591 869 2642 Vocal.
881 2606 901 2642 ι.
912 2597 953 2641 nl.
969 2591 1082 2641 Turneb.
1091 2591 1162 2642 ride.
1173 2605 1234 2641 xva.
1243 2596 1268 2644 2.

162 2653 283 2705 Lembin.
295 2657 327 2704 ad
341 2655 418 2707 Lacr.
429 2667 459 2707 ιι.
471 2661 543 2706 1122.
563 2659 644 2708 Mart.
656 2656 755 2718 capell.
769 2657 864 2706 liban.
879 2671 904 2720 p.
915 2661 957 2705 ol.
992 2657 1100 2705 Gruter.
1116 2667 1232 2706 nnxxvr.
1243 2661 1267 2704 5.

162 2715 289 2782 inscript.
302 2722 480 2786 ennodium,
490 2723 652 2772 Classxvlr.
666 2725 705 2771 18.
724 2728 750 2770 et
763 2721 860 2769 Buber.
877 2720 910 2769 ad
921 2721 1017 2770 Marm.
1033 2721 1119 2769 Brett.
1138 2734 1163 2783 p.
1176 2725 1216 2768 ld.
1239 2727 1267 2770 et

162 2785 205 2832 14.
248 2783 388 2836 Athenaeus
410 2787 626 2838 terrenalibus.
655 2801 682 2850 p.
701 2790 742 2834 oe.
769 2784 908 2834 contendit
935 2783 1125 2845 ‘morandum'
1152 2783 1200 2834 del
1223 2786 1267 2834 eoi

160 2847 444 2913 muleeasplesdese,
462 2851 625 2902 scribendum
645 2865 712 2910 aare,
726 2849 839 2898 adducto
860 2849 999 2899 Menandri
1017 2851 1081 2899 loco.
1114 2849 1268 2899 &lilerium

163 2911 198 2962 ad
210 2914 235 2962 b.
246 2915 263 2963 l.
275 2917 357 2965 stulte
369 2917 518 2966 annotavit:
535 2916 660 2966 ‘Scilicet
680 2915 705 2964 in
721 2914 773 2963 tine
790 2913 898 2977 abjicias
911 2915 950 2975 83
967 2915 1070 2964 demrrm
1088 2912 1168 2964 lacios
1196 2914 1270 2964 colli·

161 2975 262 3026 donem
272 2979 415 3032 vocalium
431 2981 465 3030 At
476 2983 612 3040 erneregdos
622 2979 749 3029 Bacchius
761 2987 1002 3043 est,nonnunqnam
1014 2979 1093 3028 eliam
1103 2977 1269 3042 Anapeestes,

160 3046 193 3090 nl
204 3041 230 3090 b.
242 3043 259 3093 l.
275 3039 365 3093 nullibi
379 3060 438 3094 vero
456 3043 645 3094 Molossum-2
662 3043 750 3092 Portet
759 3042 785 3092 is
795 3043 895 3092 articulo
906 3045 948 3092 ed.
963 3050 1014 3092 vet.
1027 3037 1268 3094 retransmissa.

161 3105 225 3155 illd.
236 3105 312 3157 lant.
329 3109 412 3158 Colln.
425 3109 525 3174 Grypb.
538 3109 657 3158 Poimen.
667 3108 775 3160 lanian.
786 3107 865 3170 Lang.
876 3111 926 3156 dre.
946 3104 1033 3156 Versal
1043 3107 1180 3156 inerticula
1190 3107 1268 3156 codd.

162 3169 281 3220 Floreat.
293 3179 321 3223 et
335 3173 398 3224 Vat.
417 3174 505 3224 Verba
521 3176 528 3202 ‘
540 3173 633 3237 porto’
649 3180 677 3222 et
687 3174 695 3200 ‘
705 3171 797 3228 verso:
809 3173 864 3221 rive
873 3172 880 3198 ‘
890 3171 983 3221 verso’
1001 3184 1072 3236 sape
1085 3179 1268 3236 permutantur

160 3235 188 3300 ln
200 3234 277 3286 codd.

660 3299 772 3352 NOTAE

197 3402 211 3448 1
229 3397 385 3462 Sarnade]
403 3397 489 3464 llajns
497 3399 566 3451 vocis
582 3398 692 3450 mediam
765 3397 830 3449 lla
850 3399 953 3449 walse
970 3397 1088 3462 gemam]
1106 3397 1268 3461 Elegantius

160 3473 296 3540 syllabam,
311 3489 368 3540 qna
389 3477 467 3540 longa
486 3476 598 3537 videtur,
615 3475 693 3525 cerri·
735 3482 816 3538 atque
835 3481 988 3524 ornamenta
1008 3489 1127 3525 versuum
1149 3477 1267 3542 appellat

162 3551 385 3616 puittlraecornm
394 3553 572 3615 exemplandi
581 3551 695 3616 geminas
737 3561 861 3614 gemmas.

67 3669 71 3678 .
162 3633 249 3677 metas
265 3625 357 3676 breves
376 3625 485 3678 facient.
519 3626 695 3678 Sin'lbeoori·
768 3627 918 3691 tinans]
935 3627 994 3679 Hoo
1008 3627 1266 3688 “laborassetis

162 3710 206 3754 tus
216 3701 286 3767 idyl.
299 3715 373 3755 xvrr.
396 3703 503 3754 brevem
524 3703 589 3754 l'aeit
605 3718 696 3754 socun-
736 3716 788 3750 non
800 3701 1178 3765 tamdicitnrooltaagcmmis,
1190 3719 1266 3770 qaam

163 3779 225 3830 darn
245 3779 371 3844 syllabam
388 3781 487 3832 altine
510 3781 580 3830 racia
599 3780 625 3830 ln
644 3781 694 3830 lroe
736 3791 752 3826 a
776 3791 896 3827 seronem
918 3786 1055 3830 vestutate
1074 3786 1101 3828 et
1127 3780 1266 3843 elegantia.

166 3869 256 3905 vene:
284 3855 417 3919 θωρηχθεὶς
435 3857 473 3914 kl
491 3857 574 3914 βουσὶν
588 3853 694 3920 &eloam
736 3854 878 3903 Faraabies
899 3869 960 3904 vero
977 3855 1015 3904 sio
1037 3855 1170 3919 explicat:
1187 3855 1267 3906 Gere-

161 3931 332 4008 Alyor-rlyw:
357 3933 460 3984 l'borece
468 3934 573 3982 menites
583 3934 695 3984 iraeadem
735 3933 801 3984 meis
812 3934 913 3984 annulis
922 3936 1115 4000 ornatnr,qaod
1125 3933 1266 3998 elegantias

159 4009 250 4071 injuste
270 4003 337 4060 baem
346 4005 483 4074 AEgypllas.
516 4009 609 4060 Verisa
626 4025 694 4073 gem·
736 4015 764 4060 et
783 4011 881 4061 lumina
899 4011 924 4060 in
945 4013 1059 4061 aarnrine
1072 4025 1168 4076 ponere
1184 4011 1266 4060 scialz

161 4100 261 4136 marum
281 4075 382 4149 ebecies
401 4093 536 4136 enumeret
558 4085 644 4149 polita,
661 4085 694 4136 de
735 4093 764 4136 et
783 4102 896 4150 gemenas
915 4085 984 4138 forte
1005 4087 1212 4152 consequebatur
1232 4085 1266 4135 ab

161 4162 546 4227 quibnsPliniusllbroaltimo.
565 4163 695 4214 DoStella
735 4164 777 4225 iis,
786 4177 893 4228 quoram
906 4164 995 4216 lendes
1004 4163 1163 4216 celebrabat.

164 4240 265 4290 dicim
276 4239 322 4290 lib.
333 4254 352 4290 ι.
364 4238 440 4302 Epig.
452 4243 478 4288 8.
