3034 4775
208 394 231 459 a
618 404 668 452 sn
692 402 894 453 uncrouns.

208 549 343 633 culpam
359 548 395 614 iu
408 546 510 613 aliurn
525 564 628 631 quam
641 548 677 613 in
693 566 730 612 se
745 548 907 613 conserat.
951 546 1109 615 laudato
1125 566 1205 613 sane
1219 549 1310 615 utili·

208 671 273 736 qne
287 650 444 735 exemplo
458 649 624 733 castigant
637 648 737 713 hodie
752 654 970 732 castrumque
983 648 1158 733 nequiores
1170 649 1310 728 Polites,

57 790 64 801 ·
207 753 260 818 uti
275 758 310 819 et
322 752 413 819 huno
428 750 589 819 Nostrum
614 750 802 819 Metuens
819 751 996 817 liuderus:
1019 750 1113 836 quod
1128 751 1258 818 etmihi
1273 754 1310 817 in

207 852 321 921 animo
336 862 419 921 erat.
463 852 603 933 Verum,
618 854 755 938 partim,
772 874 815 919 ne
837 874 993 937 arguerer
1009 852 1170 932 difficilia,
1184 861 1221 921 et
1232 873 1309 937 qnae

207 955 310 1021 Delio
324 956 437 1042 aliquo
450 962 603 1025 natatore
617 961 720 1040 atque
733 955 921 1040 Interprote
935 955 995 1040 qui
1013 955 1197 1040 Sphingem
1211 974 1311 1021 acee-

207 1057 296 1142 perit
314 1078 403 1143 opus
430 1060 562 1137 hubent,
588 1059 653 1125 sub
681 1064 850 1142 praetextu
869 1058 1110 1125 obscoenitatis
1134 1057 1310 1138 omisisae3

207 1159 341 1243 partim,
356 1160 539 1227 amicornm
564 1159 600 1225 id
623 1180 646 1227 a
671 1180 725 1225 me
750 1159 1001 1245 efflagitantium
1015 1160 1173 1245 praeibas
1188 1157 1310 1234 victus,

110 1310 115 1319 .
209 1260 350 1327 Potitum
362 1262 529 1344 integrum
543 1261 645 1329 edidi.
687 1262 862 1342 Quoniam
876 1267 988 1327 autem
1003 1266 1014 1296 ‘
1028 1259 1185 1337 eastum:
1200 1260 1310 1343 ipsios

208 1360 333 1429 Catulli
341 1370 367 1401 ¹⁰
376 1362 521 1447 jndicio,
537 1368 548 1399 ‘
564 1363 665 1429 deoet
689 1384 768 1429 esse
792 1364 885 1447 pium
911 1362 1075 1441 Potitum:
1089 1362 1311 1444 Interpretare
1353 1436 1357 1445 ¹

206 1463 311 1529 multo
325 1464 433 1548 magis
448 1468 527 1531 esse
542 1473 699 1550 oportere
717 1466 881 1551 judicavi,
901 1484 1013 1549 neque
1028 1466 1143 1530 oleum
1165 1462 1309 1527 demmin

206 1563 337 1643 addere,
351 1585 462 1650 noque
475 1564 618 1633 Veneris
634 1569 772 1646 urticas,
786 1564 849 1631 edre
861 1569 915 1641 τὰς
929 1569 962 1631 ln
976 1573 1034 1631 τῶν
1045 1562 1169 1646 βιβλίων
1187 1560 1310 1636 ἀκάνθας

207 1662 343 1750 διλῦγιιν,
357 1666 442 1729 ἀλλὰ
456 1668 495 1731 τὰ
506 1667 725 1756 χρησιμότατα
748 1669 798 1732 καὶ
811 1671 898 1747 ἀκοῆς
911 1668 989 1748 ἄξια·
1000 1676 1024 1708 ¹¹
1050 1667 1206 1733 consulto
1228 1665 1310 1750 Epi-

205 1767 1310 1856 grammataobseoeniorasilentioproeterveui,¹¹qnoealiuurn1alo

206 1886 309 1952 quarn
338 1888 394 1937 me
416 1870 602 1955 explicare,
631 1872 736 1937 alium
762 1872 966 1955 intelligere:
1003 1890 1145 1955 quorum
1170 1867 1311 1952 quidem

204 1968 364 2035 lemmata
378 1972 481 2039 obelo
494 1972 530 2039 in
548 1974 658 2057 priore
680 1974 828 2040 editione
851 1972 1019 2051 transfixi,
1033 1992 1102 2057 quo
1123 1970 1215 2038 rada
1235 1972 1309 2036 haec

205 2089 386 2157 meque
410 2074 574 2159 scopulos
596 2076 728 2141 cautius
744 2075 926 2142 declinaret
939 2077 1066 2156 leoter3
1087 2094 1155 2140 non
1168 2072 1310 2155 digitum

205 2172 250 2237 ad
263 2174 402 2257 lupanar
409 2175 545 2253 intendi,
553 2195 624 2259 qna
637 2196 691 2243 me
702 2177 872 2243 calumnia
885 2178 921 2241 in
932 2177 1059 2241 niodo
1071 2195 1135 2240 sno
1145 2173 1310 2239 Graeculo

204 2274 324 2341 neseio
349 2294 450 2359 quern
471 2283 621 2361 agyrtunr
646 2297 713 2343 non
735 2278 860 2361 puduit
887 2279 1116 2361 perstringere.
1169 2274 1311 2341 Horruit

205 2374 289 2440 mihi
302 2372 432 2444 animus
446 2378 575 2462 aperire
589 2379 765 2458 sentinam,
779 2386 839 2446 ent
854 2399 990 2446 movere
1004 2378 1177 2444 eloacam:
1198 2397 1309 2462 neque

205 2477 297 2544 enirn
310 2480 406 2544 volni
419 2480 483 2545 hos
495 2499 572 2546 osse
591 2481 792 2548 Philseuidis
806 2482 1070 2548 commentarios
1085 2480 1309 2565 spureidioos,

205 2578 401 2660 Sotadicos,
417 2581 681 2667 lampsacenos,
701 2584 1017 2677 Cinaedipoiitanos,
1042 2582 1336 2656 Ramirasianos.;

206 2681 283 2746 lllis
296 2682 413 2766 itaque
426 2685 662 2767 praetermissis
686 2706 728 2752 ao
754 2685 957 2771 suppressis,
971 2705 1015 2751 ea
1035 2685 1184 2750 maxime
1198 2683 1309 2766 expli·

205 2801 282 2848 nure
305 2787 407 2870 atque
435 2803 597 2852 exornare
618 2807 709 2854 onrae
735 2789 880 2873 pretium
907 2787 1005 2866 duxi,
1031 2805 1109 2871 qute
1138 2785 1307 2857 sublimio,

206 2891 320 2963 eoum,
344 2885 464 2965 mellis,
488 2887 625 2972 leporis,
648 2889 881 2974 piperataeque
902 2888 1108 2954 facundiae¹¹
1137 2888 1250 2971 plenu,
1274 2886 1309 2948 in

204 2987 329 3069 quibus
342 2987 503 3054 ferventis
515 2988 644 3054 fulmen
660 2991 784 3074 ingenii
800 2997 837 3054 et
850 2990 945 3054 salsa
958 2988 1146 3054 dominatur
1157 2985 1308 3051 libertas.

170 3081 174 3088 ’
205 3083 373 3172 Denique,
394 3107 439 3156 ue
466 3091 632 3176 proloquii
659 3091 847 3176 amplitudo
877 3091 1050 3172 apustius
1076 3087 1244 3169 regulares
1273 3093 1309 3150 et
1413 3167 1416 3173 ¹

202 3188 310 3273 ipsius
333 3191 455 3276 Myndi
475 3193 649 3258 modulum
675 3199 872 3270 excrescat3
901 3190 1072 3272 quonium,
1092 3193 1132 3252 nt
1159 3188 1210 3250 ait
1235 3185 1308 3250 Pli-

204 3290 325 3368 nirss,¹⁴
336 3293 527 3376 Benignnnu
538 3299 592 3360 est
606 3302 642 3359 et
657 3294 797 3378 plenum
809 3292 945 3374 ingenui
959 3288 1113 3375 pudoris,
1130 3287 1228 3354 fueri
1249 3305 1309 3370 per

206 3409 294 3476 quos
316 3393 523 3479 proieceris3
546 3395 683 3462 obnoxii
707 3405 824 3461 contra
837 3393 942 3458 animi
962 3398 997 3458 et
1017 3390 1163 3456 Melicis
1186 3391 1309 3472 ingenii

204 3499 265 3572 est,
280 3493 482 3581 deprehendi
496 3499 532 3563 iu
545 3497 636 3564 furto
650 3498 749 3563 malle
763 3515 869 3581 quum
881 3501 1037 3560 rnutnnun
1049 3493 1204 3558 reddam
1225 3493 1309 3575 qnia

205 3596 238 3659 in
259 3603 327 3664 tarn
343 3600 462 3666 aretati
482 3599 596 3685 operis
620 3600 790 3684 instituto,
811 3599 847 3664 in
868 3617 939 3682 qno
960 3595 1127 3674 brevitati,
1146 3606 1308 3679 quantam

703 3831 811 3884 NOTAE

237 3966 268 4010 to
287 3963 446 4027 cardiu]
462 3963 618 4027 Epignmi.
775 3961 849 4026 am
881 3959 969 4024 Epist.
981 3957 1084 4009 Euchir.
1098 3963 1209 4020 capas

238 4043 266 4087 ll
289 4039 352 4088 otte
367 4037 420 4100 ris,
438 4037 490 4102 ta]
518 4039 644 4103 Ulpianus
664 4037 734 4104 apud
809 4042 839 4087 rt
852 4033 1083 4100 Piperatoeqaestsa]
1093 4033 1214 4084 Sidonius
1222 4033 1310 4099 Apoll.

204 4114 360 4165 strennum
371 4115 415 4166 lib.
425 4127 471 4165 xv.
483 4127 540 4178 rap.
550 4119 573 4164 t.
652 4137 655 4150 ·
724 4177 728 4180 ,
774 4112 992 4177 eurupam.

237 4193 269 4240 lt
286 4189 389 4242 Silentia
396 4191 550 4254 metm,
559 4189 612 4253 ἐγὼ]
630 4191 735 4252 'rddere-
809 4195 840 4242 14
867 4190 969 4252 Plinius,
987 4185 1039 4252 lfa]
1068 4185 1154 4251 Epist.
1181 4185 1214 4236 ad
1243 4187 1308 4238 Nat.

203 4267 318 4324 σιωπῆσαι
328 4263 736 4329 δῆλοεγινόμενοςδνσχεραίηντὸ
775 4266 928 4320 Historiam.
