3034 4775
111 380 119 390 ‘
250 377 309 442 1⁰·
613 391 651 438 u.
675 391 761 440 aar..
785 391 995 442 ranarius

249 534 314 600 sub
328 532 429 598 titulo
442 531 486 597 de
506 537 597 600 statu
615 532 788 598 'hominurn
810 532 961 611 refertur,
982 551 1051 616 qoa
1073 551 1189 598 omnes
1204 553 1278 614 eos,
1293 535 1353 619 qui

247 637 284 700 in
298 636 379 700 urbe
393 633 551 700 Romarm
569 639 693 712 assent,
718 634 810 700 cirea
833 653 910 700 essa
932 635 1060 716 voluit3
1081 639 1151 700 trm
1166 656 1227 720 pro
1242 637 1354 722 cujrrs·

247 755 391 821 cumque
405 735 545 802 arbitrio
559 735 696 801 nomina
704 742 829 814 sumta,
842 741 902 802 aut
914 736 1197 802 nobilissimarum
1207 737 1351 804 familia-

245 857 330 917 rum,
345 856 423 922 quaa
433 837 507 922 jam
527 837 731 916 defecerant,
746 843 808 904 aut
820 858 910 904 nova
927 838 1131 922 excogitata,
1154 845 1266 904 vetere
1288 860 1350 905 vo-

245 939 346 1005 candi
359 939 611 1018 consuetudine,
625 959 704 1024 quaa
718 939 820 1007 adea
834 961 940 1024 usqne
962 949 1115 1024 tempora
1128 959 1248 1025 parum
1264 949 1351 1008 carte

244 1040 372 1106 violata
384 1039 634 1125 perduraverat,
651 1039 815 1124 paulatim
830 1047 951 1124 postea
963 1041 1107 1106 labante.
1152 1040 1242 1120 Quae
1264 1063 1352 1126 prte-

243 1141 350 1226 cipua
361 1160 467 1208 cansa
479 1141 545 1206 fuit
556 1139 668 1225 (qnod
688 1148 847 1224 portento
870 1142 981 1208 airrrile
1001 1140 1071 1225 est)
1091 1147 1130 1208 ut
1152 1149 1233 1228 post
1247 1141 1352 1212 Cara·

245 1244 326 1309 cnlli
347 1252 509 1329 tempora,
537 1243 625 1310 intra
653 1245 1011 1329 paucissimos'annos
1037 1245 1154 1310 horum
1181 1235 1352 1314 nominrun

245 1364 337 1424 usus,
351 1365 412 1430 per
423 1345 516 1410 mille
530 1365 638 1412 annos
651 1355 885 1426 conservatus,
903 1348 1039 1413 omnino
1054 1347 1252 1431 dissipatus,
1267 1357 1303 1414 et
1316 1349 1352 1414 in

244 1465 335 1512 nova
363 1447 535 1514 vocabula
557 1447 824 1514 transformatus.
868 1447 961 1514 Nam
987 1447 1083 1514 nulla
1105 1447 1269 1532 deinceps
1292 1469 1352 1516 no-

146 1547 152 1555 '
243 1547 355 1625 minis,
380 1547 613 1632 praenominis,
642 1549 697 1614 vel
727 1551 937 1644 cognominis
966 1549 1143 1616 distinctio
1169 1550 1352 1618 observata

242 1654 308 1727 est,
331 1648 394 1713 sad
413 1650 527 1714 omnia
540 1650 575 1717 in
589 1649 815 1718 foedissimam
829 1653 1013 1718 barbariem
1028 1671 1130 1718 versa
1143 1652 1351 1736 antiquitatis

242 1750 471 1833 cognitionem
487 1750 578 1816 omni
598 1771 644 1818 ex
665 1760 762 1836 parte
782 1752 1005 1837 perdiderunt.
1050 1754 1142 1820 Haec
1165 1755 1352 1822 Panuinius
1476 1825 1480 1838 ¹

241 1851 446 1937 deantiquis
459 1852 650 1920 nominibus
665 1853 905 1920 Romanorum.
948 1853 1098 1922 Consule
1118 1860 1152 1921 et
1171 1855 1349 1938 Sigonium

242 1957 276 2018 et
293 1951 447 2020 Ursinum
463 1953 506 2020 de
518 1954 713 2021 nominibus
733 1960 770 2021 et
790 1955 930 2022 familiis
952 1955 1192 2036 Romanorum,
1206 1955 1349 2022 Volate-

240 2073 358 2120 ranum
372 2054 577 2140 Anthropol.
618 2055 811 2122 Martialem
824 2057 998 2141 (quamvis
1011 2063 1048 2128 et
1061 2056 1124 2122 hoc
1138 2055 1351 2142 Romanum)
1448 2057 1451 2064 '

241 2177 265 2222 a
285 2158 478 2240 parentibus
497 2156 708 2240 indigitatum
729 2158 804 2222 aiva
827 2176 850 2222 a
872 2157 952 2222 Kal.
974 2157 1121 2234 Martiis,
1144 2157 1269 2239 quibus
1296 2165 1348 2222 est
1398 2205 1399 2208 ,

218 2255 221 2260 ’
240 2255 363 2334 editus,
377 2256 453 2325 sire
465 2257 630 2342 majorum
644 2259 807 2323 arbitratu
821 2259 866 2322 ob
884 2257 1005 2322 Martis
1020 2255 1148 2322 cultum
1169 2263 1203 2322 et
1221 2276 1348 2324 memo·

239 2359 326 2425 riam
339 2379 472 2427 censeo.
516 2358 692 2426 Martiales
713 2379 815 2445 porro
836 2365 952 2427 nostro
973 2357 1086 2444 politae
1108 2358 1177 2424 fere
1192 2359 1346 2445 aequales

239 2461 354 2546 plures
366 2463 444 2550 lego
458 2462 550 2547 apud
569 2465 762 2548 scriptores.
808 2462 873 2528 Est
894 2461 988 2547 apud
1010 2459 1243 2546 Lampridium
1258 2461 1346 2529 Gar-

238 2563 339 2645 gilius
353 2564 533 2644 Martialis,
547 2566 654 2649 paulo
667 2573 778 2632 tamen
791 2569 908 2631 nostm
920 2562 1079 2629 Martiale
1093 2562 1208 2627 minor.
1246 2562 1344 2629 Gela·

237 2665 313 2731 brat
325 2665 467 2748 Tacitus
488 2666 681 2735 Cornelium
703 2665 896 2731 Martialem
916 2664 1166 2750 primipilarem.
1210 2663 1346 2731 laudat

236 2770 350 2831 nonar
361 2765 531 2833 Martialis
543 2767 676 2836 iulium
690 2767 884 2833 Martialem
898 2765 1101 2831 familiarem
1112 2785 1222 2833 suum.
1245 2764 1345 2833 Vixit

235 2866 353 2933 eodem
365 2868 436 2933 fere
448 2886 528 2933 aevo
541 2867 577 2933 S.
593 2867 773 2946 Martialis,
787 2867 1206 2953 GallorumMyetagogos
1220 2869 1344 2935 Lemo·

238 2968 386 3035 vicensis
409 2969 580 3048 Pontifex,
609 2970 746 3055 scriptis
770 2970 915 3055 primum
936 2970 1007 3037 suis
1029 2970 1240 3049 nobilitatus,
1268 2970 1343 3035 dein

236 3069 340 3137 eliam
366 3074 528 3157 sangnine
548 3092 612 3158 pro
640 3071 767 3140 Christi
794 3074 931 3149 nominc
960 3072 1099 3155 profuso
1127 3077 1341 3156 purpuratus

238 3171 355 3239 Notus
369 3180 423 3239 est
435 3182 473 3240 et
486 3176 544 3241 ille
559 3175 731 3243 Martialis
745 3176 839 3259 apud
855 3174 1083 3239 Herodianum
1097 3172 1155 3237 lib.
1165 3188 1216 3234 rv.
1239 3168 1342 3235 Gara·

237 3274 316 3341 calli
329 3295 518 3360 percussor.
561 3276 615 3341 De
636 3276 804 3341 Kalendis
827 3274 963 3339 Martiis
984 3262 1095 3357 politae
1116 3268 1281 3339 natalitiis
1294 3271 1342 3337 ita

238 3390 280 3441 x.
294 3374 349 3441 Ἃ
372 3374 544 3442 Martialis
558 3376 633 3460 ipse
646 3377 757 3443 canit:

245 3538 250 3547 .
369 3468 372 3476 ’
408 3476 553 3543 Natales
567 3477 650 3543 milri
663 3477 802 3545 Martiae
817 3476 995 3554 Kalendae,

408 3577 488 3643 Lux
501 3578 674 3645 formosior
687 3580 844 3645 omnibus
862 3576 1037 3645 Kalendis.

147 3706 152 3711 ·
235 3686 271 3747 et
283 3680 342 3745 lib.
356 3678 476 3745 eodem
489 3700 544 3765 ep.
558 3681 613 3747 92.

407 3783 553 3847 Martem
565 3802 715 3848 mearum
726 3780 912 3865 principem
926 3777 1166 3845 Kalendarum.

278 3884 416 3969 Coquus
438 3885 533 3951 audit
551 3883 644 3969 apud
667 3882 900 3967 Lampridium
920 3882 955 3947 in
979 3879 1174 3947 Alexandro
1194 3878 1339 3947 Severo:

234 3991 297 4053 ‘ut
320 3986 487 4053 Martialis
513 3984 623 4065 (loci,’
645 3988 767 4071 inquit,
789 3984 1023 4069 ‘epigramma
1044 3983 1223 4065 significat,
1245 3980 1338 4065 quod

234 4095 353 4156 contra
367 4087 535 4173 quandam
550 4086 696 4155 Gelliam
711 4087 851 4173 scripsit
863 4084 1071 4173 hujumodi:
1087 4082 1175 4179 Cpm
1189 4083 1339 4167 leporem

233 4190 362 4257 mittis.'
405 4188 559 4274 (loquum
574 4191 655 4257 item
671 4191 821 4277 appellat
833 4190 856 4257 J
858 4208 986 4257 oannes
1001 4185 1259 4253 Sarisberiensis
1279 4185 1337 4250 lib.
