3034 4775
226 299 249 361 4
635 310 687 359 nn
710 310 910 359 nacroaas.

227 456 368 521 aliorum
382 449 593 539 praejudicio,
624 470 686 521 seu
710 453 836 520 fiducia
858 456 913 521 sui
934 455 1078 522 audiunt
1103 457 1213 522 solum
1236 456 1329 541 quod

228 562 381 641 carpant,
394 575 505 639 neque
518 560 588 620 tarn
601 560 736 621 utuntur
748 556 856 622 literis
872 577 974 641 quam
988 559 1176 636 abutuntur,
1186 559 1223 622 in
1237 559 1330 624 verbi

229 659 328 723 unius
355 664 414 723 aut
435 658 573 722 alterius
596 657 774 723 calumnie
800 678 917 725 ansam
943 664 1086 737 struem,
1111 678 1180 743 quo
1201 659 1331 726 Polites

229 763 263 824 in
286 759 447 825 invidiam
473 766 612 827 vocent:
634 767 706 826 tum
719 761 866 846 denique
882 781 921 829 se
944 761 1107 827 Platonas
1131 769 1168 825 et
1184 760 1332 827 Aristar·

231 862 312 927 chos
334 863 409 942 rati,
434 861 465 926 si
488 862 609 928 alienae
630 861 790 927 insultent
802 862 916 943 laudi,
941 867 1045 946 utque
1068 862 1167 937 ἄποὸις
1186 863 1335 929 aviculae

229 982 341 1029 ramos
362 964 544 1040 arborum,4
568 963 620 1029 sic
644 963 697 1027 illi
719 960 875 1027 humeros
891 964 1053 1027 bonomm
1074 962 1228 1028 affectent
1241 965 1332 1030 uude

230 1064 406 1130 emineant
449 1061 534 1143 Alii,
547 1065 700 1130 homines
719 1064 845 1146 ignava
866 1083 970 1157 opera
987 1071 1091 1147 atque
1113 1066 1230 1130 servili
1256 1084 1332 1131 scu-

229 1168 345 1243 tentia,
360 1164 512 1249 δοξισοφοι,
527 1165 655 1250 pedarii
665 1150 800 1250 judic‘es
823 1172 858 1231 et
880 1185 927 1230 ex
947 1166 1091 1232 aliomm
1105 1186 1164 1234 ore
1178 1167 1332 1251 penduli,

229 1269 364 1333 illomm
379 1268 539 1334 velificati
553 1267 759 1345 auctoritati,
775 1266 990 1351 subjudicant
1003 1268 1121 1351 potius
1134 1286 1235 1352 quam
1249 1287 1334 1352 prae·

226 1370 390 1455 judicant
433 1368 506 1435 Alii
526 1370 633 1433 barba
653 1376 751 1433 tenus
774 1368 877 1447 docti,
892 1370 991 1452 piceo
1006 1389 1127 1452 graves
1141 1370 1258 1455 pallio,
1273 1370 1335 1436 ubi

143 1520 152 1527 .
231 1492 254 1537 a
268 1471 385 1535 rastris
400 1470 443 1535 ad
457 1474 566 1535 rostra
584 1469 868 1548 transcenderint
871 1470 1014 1554 jamque
1024 1478 1150 1536 ostrum
1166 1472 1335 1537 somniare

232 1574 319 1650 ausi,
336 1590 478 1637 vacuum
493 1572 573 1656 plus
588 1571 693 1635 nimio
715 1570 876 1636 verticem
894 1573 976 1637 inter
999 1578 1094 1637 asma
1116 1574 1335 1665 condiderint,

233 1676 403 1741 Mercurio
426 1693 503 1739 cum
529 1672 720 1755 Philologia
743 1691 820 1749 sua,
836 1692 939 1755 quam
961 1674 1042 1757 qnia
1064 1693 1108 1738 ue
1131 1675 1334 1757 primoribus

233 1776 368 1861 quidem
378 1775 481 1840 labiis
496 1774 691 1857 praelibasse
702 1773 1008 1856 incorruptoque
1017 1793 1083 1840 non
1097 1776 1214 1841 dicunt
1223 1777 1336 1855 rerba,

232 1880 334 1943 immo
349 1876 497 1941 nuntium
511 1874 701 1953 remittunt3
723 1869 915 1955 Apollinem
935 1879 969 1938 et
993 1872 1127 1953 Musas,
1147 1894 1233 1958 quas
1255 1877 1336 1959 quia

231 1978 301 2045 illis
316 1999 359 2042 ne
374 1976 523 2043 alimlne
540 1975 675 2061 quidem
700 1974 869 2039 salutasse
892 1975 1008 2040 datum
1030 1982 1092 2054 est,
1117 1977 1336 2042 eliminandos

233 2079 417 2155 clamitant,
431 2086 467 2143 ct
480 2077 625 2141 inscitiae
641 2094 714 2141 suae
731 2082 957 2158 praetexentes
979 2078 1242 2156 sanctimoniam,
1257 2097 1341 2143 cum.

234 2187 324 2245 artes
353 2197 469 2244 omnes
497 2175 719 2254 humaniores,
748 2180 819 2239 tum
849 2174 1023 2241 Poeticam
1049 2177 1274 2245 damnandam
1302 2181 1338 2244 iu

234 2286 353 2357 totum,
368 2285 413 2359 et,
427 2286 467 2344 ut
488 2298 564 2344 cum
580 2276 719 2342 Sidonio
733 2276 878 2360 loquere
899 2282 968 2342 ‘ex
989 2276 1084 2343 asse'
1110 2280 1337 2362 pronuntiant.

234 2379 308 2448 Alii
321 2382 475 2467 denique,
496 2380 591 2446 utin
615 2396 752 2444 arenam
776 2397 886 2442 meam
911 2376 1124 2459 descendam,
1144 2389 1181 2445 et
1204 2380 1250 2446 ad
1271 2382 1337 2448 mei

236 2484 360 2550 ordinis
373 2483 540 2560 homulus,
556 2481 656 2546 salva
675 2499 807 2565 semper
826 2479 937 2550 doctis
955 2487 991 2546 et
1008 2482 1230 2549 benemeritis
1243 2502 1337 2550 reve·

234 2588 355 2664 rentia,
371 2603 457 2668 quos
470 2603 566 2648 nemo
582 2583 770 2648 mortalium
789 2582 896 2666 magis
920 2583 1002 2648 colit
1016 2603 1117 2667 quam
1140 2605 1214 2668 ego,
1227 2588 1337 2670 magis

235 2692 424 2765 veneratur,
438 2705 508 2751 non
522 2687 720 2752 submittunt
735 2705 774 2749 se
793 2684 944 2750 Petronii
961 2685 1112 2764 arbitrio,
1128 2688 1188 2770 qui
1201 2707 1341 2770 genero·

238 2789 337 2853 sioris
352 2787 471 2854 Poetae
487 2787 649 2872 spiritum,
663 2787 842 2852 sanitatem
864 2805 975 2851 amare
995 2792 1108 2869 negat,
1120 2808 1227 2872 neque
1249 2791 1340 2854 enim

238 2889 416 2974 concipere
442 2894 501 2954 aut
521 2888 619 2954 edere
644 2895 780 2972 partum
807 2893 951 2952 mentem
984 2906 1101 2971 posse,
1124 2891 1189 2954 nisi
1212 2890 1340 2972 ingenti

237 2991 375 3056 flumine
387 2993 557 3058 literarum
570 2991 772 3057 inundante:
785 3009 892 3075 neque
905 2988 1072 3068 Senecae,⁶
1083 2991 1340 3074 pronuntiantis,

237 3113 302 3159 non
317 3113 420 3178 posse
436 3112 514 3160 eum
530 3093 659 3179 aliquid
674 3095 833 3178 grandius
844 3113 900 3158 ore
913 3092 1048 3157 mortali
1060 3111 1194 3170 canere,
1205 3093 1271 3157 nisi
1280 3093 1340 3177 qui

238 3197 375 3277 vulgata
403 3200 437 3259 et
466 3195 569 3260 solita
596 3197 786 3271 contemsit,
817 3194 1042 3275 instinctuque
1070 3210 1169 3256 sacro
1195 3195 1342 3257 surrexit

240 3296 351 3373 altior,
379 3297 578 3361 auctoritate
606 3295 728 3360 adduci
753 3299 909 3379 possunt,
934 3299 975 3356 ut
1001 3292 1167 3375 majerum
1195 3292 1341 3375 gentium

240 3403 372 3462 versent
385 3397 531 3480 Ροὸιιιες
544 3397 612 3461 ¹sed
633 3415 724 3476 suos,
739 3405 779 3462 ut
799 3395 954 3480 ejusdem
976 3392 1105 3458 Arbitri
1121 3395 1232 3460 verbis
1253 3400 1341 3473 utar,

240 3500 438 3583 utquisque
452 3518 585 3566 versum
600 3497 747 3582 pedibus
770 3496 941 3574 instmxit,
956 3513 1158 3578 sensumque
1180 3499 1342 3562 teneriore

240 3602 420 3666 verborum
441 3602 568 3667 ambitu
589 3599 747 3677 intexuit,
762 3602 883 3683 putant
896 3598 1057 3663 continuo
1080 3598 1115 3664 iu
1138 3597 1342 3664 Heliconem

241 3702 393 3768 venisse:
427 3707 460 3769 et
482 3701 600 3788 quidni
629 3701 800 3768 venerint'l
831 3699 968 3786 quando
996 3700 1083 3785 ipsis
1106 3699 1350 3785 padagogulis

740 3899 847 3952 NOTAE

277 4017 415 4079 ιἈπιδιι,
429 4017 483 4080 aa]
516 4016 586 4067 Plin.
611 4015 676 4067 Nat.
701 4015 773 4066 Hist.
845 4019 862 4066 d
885 4013 987 4076 Seuera,
1006 4011 1059 4076 dra]
1084 4011 1128 4063 De
1155 4009 1345 4076 tranquillitate

245 4092 292 4142 lib.
301 4106 328 4142 x.
340 4106 399 4158 cap.
409 4097 451 4144 aa.
462 4099 491 4143 et
501 4093 546 4146 lib.
558 4105 600 4144 xr.
610 4107 668 4158 erp.
679 4096 720 4144 rt.
815 4090 892 4142 animi
901 4103 960 4155 cap.
972 4093 1012 4140 ld.

279 4175 293 4214 ι
311 4169 418 4234 Sidonia
427 4169 481 4235 ise]
498 4169 556 4222 Lib.
567 4183 612 4220 ιιι.
623 4168 708 4234 Epist.
719 4172 758 4219 ld.
