3034 4775
250 350 293 419 18
530 374 763 424 rnsrruonra
789 374 836 424 nn
859 374 1067 423 unnrrnnn.

418 518 529 584 Totos
543 516 602 583 dat
618 518 743 583 tetricae
759 515 833 582 dies
849 516 1024 595 Minervae,

421 620 513 685 Dum
527 626 659 685 centum
675 619 785 685 studet
798 620 932 686 auribus
946 620 1091 685 virorum

421 722 512 798 Hoc,
528 722 617 806 quod
632 724 758 787 saecula
770 723 961 806 posterique
973 723 1109 806 possint

317 830 323 833 “
418 820 559 904 Arpinis
574 841 706 905 quoqne
720 841 916 906 comparare
930 823 1065 889 chartis.

421 922 522 986 Seras
538 923 640 988 tutior
654 923 721 987 ibis
737 924 780 987 ad
796 922 972 987 lucernas:

423 1023 514 1091 Haee
529 1025 611 1091 hora
626 1034 678 1090 est
692 1032 764 1103 tna,
779 1046 855 1090 cum
869 1026 950 1090 furit
968 1025 1103 1110 Lyaeus,

419 1127 504 1192 Cum
519 1134 633 1211 regnat
646 1145 736 1204 rosa,
752 1146 830 1191 num
845 1128 982 1193 madent
995 1128 1129 1211 capilli:

418 1229 516 1294 Tunc
528 1248 583 1292 me
599 1226 651 1291 vel
665 1226 763 1309 rigidi
776 1228 889 1309 legant
902 1227 1057 1292 Catones.
1336 1306 1339 1309 ⁴

248 1330 415 1396 Meritone
429 1350 518 1408 eum,
531 1331 590 1413 qui
603 1329 671 1394 hoc
686 1328 728 1393 de
741 1349 796 1393 me
812 1330 961 1413 scripsit,
985 1334 1019 1393 et
1041 1335 1119 1394 tunc
1133 1328 1247 1394 dimisi
1258 1314 1340 1397 ami-

248 1430 394 1509 cissime,
411 1436 445 1496 et
464 1450 563 1508 nunc,
586 1438 624 1494 ut
647 1431 899 1508 amicissimum,
915 1430 1107 1495 defunctum
1126 1451 1202 1496 esse
1221 1432 1344 1497 dolent

247 1532 354 1598 Dedit
369 1533 457 1596 enim
470 1530 563 1609 mihi,
578 1539 741 1615 qnantum
756 1532 903 1595 maxime
918 1534 1050 1615 potnit:
1072 1530 1210 1597 daturus
1223 1533 1344 1617 ampli·

246 1652 299 1710 ns,
316 1635 347 1697 si
360 1634 539 1717 potuisset.
580 1631 731 1695 Tametsi
756 1631 838 1714 quid
860 1631 988 1695 homini
1002 1638 1116 1715 potest
1138 1632 1210 1697 dari
1232 1633 1344 1715 majus

246 1754 348 1821 quam
362 1735 476 1817 gloria,
490 1734 577 1810 laus,
593 1738 626 1796 et
641 1733 831 1797 aeternitast
874 1729 924 1796 At
938 1742 1111 1802 nonerunt
1123 1740 1343 1819 aeternaque

245 1838 404 1922 scripsitl
449 1835 531 1901 Non
545 1842 639 1900 erunt
653 1834 815 1900 sortasse:
830 1834 888 1900 ille
898 1842 1011 1901 tamen
1024 1837 1168 1922 scripsit,
1182 1844 1343 1922 tanquam

246 1938 367 2005 futura.
411 1936 513 2005 Vale.

245 2104 356 2170 AElius
372 2106 582 2189 Spartianus,
606 2106 642 2168 in
656 2105 696 2170 L.
711 2103 843 2268 Gep’pnii
857 2103 1046 2182 Commodi,
1071 2104 1143 2169 sive
1158 2102 1242 2167 AElii
1256 2100 1343 2168 Veri

784 2204 843 2269 ita.

289 2337 383 2404 Idem
398 2337 513 2404 Ovidii
533 2337 638 2404 libros
660 2334 823 2402 Amorum
837 2338 873 2400 in
895 2337 985 2402 lecto
1008 2354 1139 2420 semper
1162 2335 1343 2417 habuisse3

245 2439 336 2504 idem
358 2438 547 2504 Martialem
568 2439 884 2522 Epigrammatieum
897 2437 1035 2522 poetam
1049 2435 1228 2520 Virgilium
1243 2457 1342 2502 suurn

245 2540 387 2620 dixisse,
401 2541 513 2605 fertur.

258 2699 261 2708 ’
367 2707 480 2772 AElius
497 2706 725 2808 Lampridius,
741 2708 776 2772 in
791 2704 979 2770 Alexandri
994 2705 1110 2770 Severi
1123 2703 1219 2770 Vita.

288 2841 453 2925 Leporem
478 2839 630 2922 quotidie
652 2839 783 2919 habuit,
807 2840 1018 2904 venationem
1046 2838 1258 2921 frequentem,
1281 2837 1342 2901 sed

244 2961 320 3008 eam
333 2960 409 3006 cum
426 2941 545 3005 amicis
558 2939 739 3018 dividebat,
760 2947 794 3005 et
808 2941 860 3005 his
874 2942 1023 3004 maxime
1037 2958 1124 3023 quos
1138 2938 1269 3003 sciebat
1281 2957 1341 3022 per

244 3061 281 3106 se
295 3042 506 3108 nonhabere.
551 3041 626 3108 Nec
642 3042 801 3107 divitibus
825 3041 1007 3126 quicquam
1029 3041 1146 3105 talium
1168 3057 1341 3103 munerum

242 3143 347 3221 misit,
371 3142 433 3207 sed
447 3144 490 3208 ab
504 3144 557 3207 his
580 3162 714 3227 semper
728 3145 871 3226 accepit.
915 3142 959 3206 Et
985 3139 1079 3241 pund
1108 3139 1164 3202 ille
1191 3137 1342 3221 leporem

244 3242 394 3325 qnotidie
408 3245 554 3319 haberet,
565 3243 666 3325 jocus
680 3241 842 3306 Poeticus
853 3241 996 3316 emersit,
1005 3239 1135 3303 idcirco
1146 3237 1341 3322 quodmnlti

143 3423 147 3434 ι
245 3346 373 3426 septem
386 3342 506 3406 diebus
521 3341 678 3426 pulchros
691 3359 773 3413 esse
781 3340 898 3405 dicunt
912 3358 972 3403 eos
985 3341 1043 3424 qui
1062 3338 1211 3422 leporem
1226 3357 1339 3404 come-
1393 3375 1407 3396 2

245 3441 366 3521 derint,
380 3452 419 3508 ut
433 3443 603 3509 Martialis
624 3441 707 3507 Coci
723 3441 939 3525 Epigramma
953 3440 1128 3522 significat,
1153 3440 1244 3525 quod
1258 3458 1340 3504 con·

241 3548 293 3607 tra
313 3544 480 3626 quandam
502 3543 649 3610 Gelliam
681 3543 815 3628 scripsit
837 3542 1046 3629 hujusmodi:
1072 3541 1163 3626 [Lib.
1179 3557 1213 3605 v.
1240 3539 1337 3628 Epig.

326 3744 412 3811 Cum
427 3747 575 3832 leporem
587 3747 701 3824 mittis,
715 3764 845 3830 semper
858 3746 939 3811 mihi
955 3745 1066 3810 Gellia
1079 3743 1230 3820 mandas,

372 3847 507 3932 Septem
521 3849 685 3913 formosus
703 3847 819 3914 Marce
833 3847 952 3912 diebus
968 3846 1046 3910 eris.

329 3951 367 4015 Si
382 3968 495 4014 verum
510 3949 607 4029 dieis,
621 3951 651 4013 si
665 3969 780 4014 verum
794 3946 905 4014 Gellia
915 3946 1072 4032 mandas,

371 4051 482 4117 Edisti
496 4071 664 4135 nunquam
679 4051 793 4116 Gellia
808 4057 844 4116 tn
858 4051 1013 4133 leporem.

243 4154 311 4220 Sed
326 4135 390 4221 ho's
407 4172 523 4220 versus
537 4151 701 4218 Martialis
715 4153 751 4218 in
765 4171 852 4229 eam,
861 4170 936 4236 quae
954 4150 1112 4215 deformis
1128 4158 1232 4228 esset,
1245 4169 1336 4215 com·
