3034 4775
258 356 301 421 22
538 368 770 419 rnsmuorua
795 368 845 416 nn
869 364 1076 415 naumann.

258 517 357 581 trivio
381 513 554 598 appellati
577 510 711 578 Nollem
735 507 921 574 excidisset
945 508 1018 573 viro
1043 524 1166 589 magno
1188 505 1252 570 hoc
1264 504 1354 588 jndi-

259 620 347 683 cium
358 616 479 701 judicii
490 614 663 679 dissimile.
709 611 803 676 Nihil
817 610 861 676 ad
875 609 1045 675 Catullum
1067 607 1243 684 Martialis,
1259 608 1353 671 scio:

257 720 315 783 sed
329 724 362 783 ct
375 718 439 781 hoc
454 714 537 792 scio,
558 714 808 797 Epigrammata
831 713 890 777 illa
913 731 975 775 nec
997 712 1032 774 in
1058 709 1157 775 trivio
1178 716 1271 785 nata,
1294 724 1354 770 nec

257 822 369 886 omnia
383 820 417 882 in
432 817 588 884 triclinio.
636 814 746 878 Multa
760 813 807 878 foe
830 832 862 891 a,
882 814 1043 897 obscoena
1063 812 1098 875 in
1121 809 1297 875 Martiale:
1319 816 1354 873 et

255 918 439 987 mehercule
465 919 500 982 in
524 936 591 981 nno
611 914 738 979 Catulli
758 913 877 979 libello
901 933 967 977 non
993 910 1183 997 pudiciora‚
1196 911 1257 975 scd
1270 929 1353 993 pau-

256 1022 360 1086 ciora.
405 1020 540 1103 Ignorat
552 1017 715 1083 saeculum
729 1015 821 1093 illud,
835 1014 894 1099 qui
907 1014 972 1079 hoc
987 1020 1136 1079 accusat.

299 1201 345 1265 El
358 1208 478 1277 cetera,
501 1199 560 1283 qni
574 1198 622 1262 ibi
637 1202 821 1280 sequnntur
846 1201 939 1260 tanto
961 1195 1034 1258 viro
1053 1193 1199 1275 indigna
1243 1192 1354 1257 Pudet

255 1322 309 1367 me
324 1301 464 1385 judicii:
489 1300 579 1384 qnod
594 1299 680 1363 inira
701 1300 789 1361 inter
802 1296 993 1360 Infelicinm
1008 1293 1205 1359 Criticorum
1222 1292 1353 1377 judicia

157 1416 165 1427 ’
255 1403 442 1470 merebatur
455 1401 582 1465 locum.
623 1399 690 1463 Sed
704 1397 844 1480 reliquis
858 1398 926 1461 tuis
939 1396 1065 1461 meritis
1078 1395 1289 1471 lucrifecisti,
1304 1395 1353 1458 mi

256 1504 363 1586 Lipsi,
385 1503 471 1567 hanc
486 1510 600 1566 notam
615 1501 811 1567 censoriam.

354 2048 637 2127 SINISTRA
679 2050 961 2136 QUAEDAM
999 2049 1249 2171 JUDIClA
1333 2100 1338 2107 -

487 2238 780 2305 rnnnmcrum
805 2236 1113 2306 cumeorum

783 2371 820 2438 nr

579 2505 1021 2586 MARTIALE·

252 2805 405 2896 Raphuiil
419 2805 675 2887 volaterranus,
698 2808 924 2875 commentar.
946 2808 1156 2874 Urbanorum
1175 2807 1235 2873 lib.
1252 2825 1348 2873 xvir.

40 2907 43 2915 ’
156 2993 158 3000 .
294 2939 344 3003 Μ.
360 2939 515 3006 Valerius
537 2940 718 3020 udonis,
741 2941 850 3007 Poeta
873 2919 1169 3027 Epigrammutom
1190 2961 1210 3006 ο
1230 2942 1349 3007 auom

249 3039 376 3124 oppido
391 3041 594 3109 Celtiberiae.
640 3043 762 3108 Romae
776 3062 885 3108 annos
899 3045 1032 3126 triginta
1051 3049 1291 3120 commoratus,
1312 3043 1348 3106 in

250 3139 453 3225 Hispaniam
467 3145 600 3210 demum
614 3146 757 3222 revertit,
780 3165 909 3228 pauper
923 3145 1110 3222 admodum,
1131 3149 1165 3208 et
1186 3143 1312 3208 viatico
1327 3163 1349 3208 a

249 3240 362 3306 Plinio
386 3244 536 3328 Nepote,
565 3256 604 3309 ut
630 3247 664 3309 in
691 3245 766 3328 ejus
790 3246 949 3328 Epistola
974 3245 1175 3321 declaratur,
1197 3245 1346 3327 adjutus.

249 3339 389 3408 Amicos
415 3343 520 3410 coluit
547 3343 697 3424 Stellam,
720 3345 840 3409 Silium
866 3346 1032 3410 Italicum.
1082 3343 1222 3409 Ascitru
1251 3351 1286 3408 et
1312 3345 1348 3408 in

250 3443 396 3508 ordinem
413 3443 619 3528 Equestrem‚
642 3451 675 3511 et
690 3445 771 3529 jura
794 3447 894 3511 trinrn
916 3446 1092 3512 liberorum
1113 3447 1256 3530 adeptus
1277 3451 1345 3509 eet:

208 3565 232 3590 ··
247 3544 382 3628 reliquit
396 3547 682 3630 Epigrammatum
697 3547 818 3611 librum
831 3547 967 3611 omnino
981 3546 1205 3630 rejiciendum,
1218 3545 1346 3630 quippe

248 3647 308 3728 qui
321 3666 430 3731 neque
443 3647 614 3731 elegantia
630 3647 763 3713 Latinae
777 3668 885 3732 neque
898 3649 1045 3714 moribus
1059 3650 1174 3732 prosit.

248 3809 378 3876 Paulus
402 3812 536 3892 Jovius,
562 3814 597 3877 in
625 3813 750 3895 liloglis
773 3813 931 3878 Viromm
958 3813 1067 3880 literis
1091 3813 1286 3892 Illustrium,
1309 3815 1344 3878 in

548 3914 668 3980 Murco
684 3913 835 3981 Antonio
850 3915 1043 3982 Casunova.

290 4047 339 4111 M.
354 4045 436 4110 Ant.
452 4047 650 4126 casanova,
667 4049 833 4114 Comense
847 4059 940 4134 patre
957 4049 1076 4116 Romae
1091 4051 1214 4132 genito,
1235 4051 1344 4131 arguti

246 4147 508 4231 Epigrammatis
523 4150 670 4232 palmam
684 4152 802 4217 detulit
813 4152 870 4217 illa
884 4153 959 4235 ipsa
974 4151 1096 4230 Roma,
1111 4171 1236 4216 severae
1251 4152 1342 4216 auris
