3034 4775
258 382 302 448 12
621 402 658 448 ιι.
684 363 769 449 ιιι.
794 401 1004 452 uanrraars

322 542 423 608 Hanc
438 542 501 608 tibi
517 543 644 610 Fronto
659 552 769 630 pater,
784 546 925 628 genitrix
941 544 1105 611 Flaccilla
1119 546 1277 631 puellum.
1351 560 1357 569 '

258 644 436 711 Parentem
449 652 563 710 tamen
574 646 737 711 affirmant
746 647 854 730 aliqui
865 666 1010 731 coquum
1022 646 1150 713 dictum
1161 648 1366 732 lectumque.

259 746 410 813 Uxorem
424 746 545 811 babuit
559 746 715 815 Clodiam
732 747 933 815 Marcellam
954 770 999 815 ex
1019 756 1116 833 gente
1132 742 1279 815 Claudia
1293 750 1366 833 ple·

259 849 426 927 baia,‘lib.
441 864 512 913 xrr.
528 850 582 915 21.

346 950 559 1035 Municipem
572 952 672 1037 rigidi
688 954 765 1051 quis
778 960 823 1033 te,
838 952 1017 1033 Marcella,
1031 955 1176 1036 Salonis,

390 1052 435 1117 Et
448 1054 592 1137 genitam
604 1056 726 1121 nostris
742 1056 824 1202 quis
835 1060 931 1139 putot
944 1074 1022 1123 esse
1035 1056 1144 1121 locist

263 1160 298 1220 et
312 1172 411 1221 mox.
750 1192 754 1201 ·

345 1256 397 1321 'l'e
414 1256 485 1320 cito
498 1255 621 1321 ridebit
634 1258 827 1365 peregrinus
842 1256 965 1322 Clodia
978 1263 1109 1343 partus,

391 1357 583 1421 Romanam
594 1357 695 1422 ducat
709 1354 812 1442 quam
826 1360 935 1441 magis
948 1377 1025 1423 essa
1039 1376 1171 1424 nurum.
1263 1412 1271 1423 .

263 1458 316 1524 Its
330 1450 493 1525 distichon
515 1459 579 1523 hoc
602 1459 684 1542 legit
704 1458 882 1609 loseplrus
905 1459 1057 1582 Scaliger
1082 1457 1128 1524 ad
1148 1457 1231 1524 illud
1252 1459 1368 1527 catul-

263 1561 409 1625 lianum:
925 1598 932 1609 ·

391 1660 504 1726 Dulce
518 1660 625 1727 rideat
643 1662 686 1728 ad
701 1667 1161 1746 patrem·

264 1760 320 1825 Ex
335 1762 495 1827 Martiale
515 1768 627 1827 tamen
651 1762 768 1841 discis,
788 1762 944 1828 Clodiam
966 1763 1055 1827 banc
1079 1726 1278 1828 Marcellam
1300 1784 1371 1829 non

264 1864 470 1942 Romanam,
497 1864 557 1929 scd
585 1865 776 1949 Hispanam
800 1872 836 1930 et
862 1865 1091 1929 Bilbilitanam
1114 1866 1225 1947 patria
1245 1864 1371 1948 foiss03

262 1970 303 2029 ut
322 1966 439 2031 merito
463 1964 615 2031 dubitare
639 1968 769 2071 possis,
794 1985 839 2031 an
854 1986 899 2032 ex
923 1971 1020 2050 gente
1044 1966 1191 2031 Claudio
1212 1965 1372 2033 Romana

263 2066 450 2133 fueritbaoc
464 2066 650 2133 Marcella:
673 2064 805 2134 versum
826 2087 904 2152 ergo
929 2062 1095 2171 Martialis
1119 2068 1244 2132 rectius
1262 2068 1372 2152 scrip-

264 2168 374 2245 serim,
390 2175 430 2232 ut
444 2176 524 2233 ants
545 2169 683 2235 babuit:
1006 2189 1009 2196 ’

351 2266 430 2333 Neo
443 2270 511 2333 cito
525 2268 649 2333 ridebit
663 2267 829 2351 peregrini
844 2266 952 2349 gloria
966 2270 1095 2349 partus.

266 2367 307 2433 In
321 2370 433 2455 patria
446 2370 618 2435 laudanda
631 2374 701 2437 tam
723 2369 867 2451 diligens
890 2372 924 2432 et
944 2366 1105 2450 frequens
1130 2373 1197 2445 est,
1220 2370 1260 2433 ιιι
1281 2368 1373 2434 illius

267 2470 535 2536 amentissimum
550 2470 650 2536 focile
665 2471 852 2552 intelligas:
875 2487 900 2534 ι.
914 2469 971 2555 62.

351 2570 416 2649 Το,
431 2570 617 2650 Liciniana,
633 2571 832 2652 gloriabitur
844 2578 975 2645 nostro,

265 2730 268 2738 1
398 2669 474 2735 Nec
489 2690 544 2735 me
560 2673 686 2738 tacebit
704 2672 853 2742 Bilbilis.

269 2771 344 2838 Lib.
358 2773 489 2851 eodem,
505 2791 559 2857 ep.
575 2775 630 2838 50.

398 2872 465 2939 Vir
480 2873 657 2940 Celtiberis
671 2893 738 2940 non
752 2876 895 2941 tacende
909 2879 1075 2960 gentibus,

445 2973 648 3060 Nostraeque
660 2975 736 3040 laus
750 2975 944 3062 Hispaniae,

400 3075 546 3142 Videbis
561 3079 677 3157 altam,
694 3079 888 3159 Liciniana,
898 3081 1046 3159 Bilbilin,

444 3178 551 3260 Equis
566 3186 601 3243 et
615 3179 716 3243 annis
730 3181 890 3243 nobilem.
1027 3192 1031 3199 '

273 3280 347 3345 Lib.
364 3295 402 3342 x.
416 3279 492 3342 los.

360 3379 565 3464 Municipes,
578 3379 731 3462 Angusta
745 3380 826 3444 milri
840 3397 926 3463 quos
942 3379 1077 3444 Bilbilis
1091 3381 1159 3444 acri

403 3479 523 3546 Monte
538 3487 641 3559 creat,
655 3481 784 3565 rapidis
797 3501 884 3566 quos
898 3481 982 3547 Salo
994 3483 1224 3566 cingltnquis3
1284 3487 1290 3496 ’

361 3581 491 3667 Ecquid
505 3584 585 3648 laeta
594 3583 692 3667 juvat
706 3584 807 3646 vestri
822 3602 884 3649 vos
897 3585 1000 3666 gloria
1013 3583 1124 3648 vatisl
1204 3617 1208 3622 -

404 3683 497 3750 Nam
510 3684 617 3750 decus
631 3691 666 3748 et
680 3703 811 3764 nomen,
826 3684 985 3768 famaque
998 3693 1114 3752 vestra
1128 3703 1259 3749 snmus.

277 3787 324 3853 Et
335 3805 416 3851 mox
429 3787 464 3850 in
478 3787 643 3870 sequenti:

407 3887 506 3952 Illinc
522 3893 553 3952 tc
568 3893 641 3953 rota
655 3887 762 3965 tollet,
776 3894 811 3953 et
824 3887 950 3954 citatus

406 3987 520 4052 Altam
536 3989 686 4066 Bilbilin,
701 3993 734 4053 st
746 3993 843 4054 tuum
857 3989 1017 4054 Salonem

409 4086 537 4174 Quinto
552 4089 691 4157 forsitan
705 4089 825 4161 essedo
839 4089 982 4160 ridebis.
