3034 4775
448 377 681 428 rnsrruonra
706 377 754 425 nn
780 375 987 426 nourrius.
1224 358 1267 423 19

166 526 302 609 posuitt
325 520 435 587 Poeta
449 540 530 586 nero
545 529 732 605 temporum
742 519 925 587 Alexandri
938 520 1010 585 bae
1024 520 1057 584 in
1072 538 1148 585 eum
1163 510 1266 583 dixit:

248 625 431 691 Pulchrum
449 622 537 706 quod
552 621 647 686 vides
663 642 739 685 esse
753 630 903 685 nostrum
917 639 1038 705 regem,
1067 650 1071 657 ·

256 726 364 805 Quem
379 725 497 809 Syrum
514 742 577 787 sua
591 722 710 788 detulit
725 742 885 807 propago,

254 824 408 891 Venatus
422 826 516 902 facit,
531 830 564 888 et
578 824 677 908 lepus
691 844 861 889 comesus:

255 927 307 993 Ex
322 947 392 1011 quo
407 926 599 991 continuum
614 926 705 1008 capit
717 924 876 1007 leporem.

339 1080 466 1146 Sollius
480 1079 640 1145 Sidonius
653 1077 872 1162 Apollinaris.
910 1076 1021 1142 Cum.
1038 1092 1091 1141 rx.

344 1214 418 1277 Non
434 1213 601 1278 Gaulious
614 1214 669 1277 hio
682 1213 743 1277 tibi
757 1212 896 1311 legetur,

252 1322 254 1327 '
340 1314 421 1379 Non
438 1314 582 1392 Marsus,
597 1312 704 1390 Pedo,
720 1314 835 1390 Silius,
849 1312 1016 1389 Tibullus,

338 1414 409 1481 Aut
422 1414 563 1479 mordax
578 1415 651 1479 sine
666 1412 731 1477 tino
748 1412 927 1478 Martialis.
960 1491 966 1501 ,

538 1590 631 1657 Idem
648 1591 758 1656 Carra.
775 1605 890 1654 xxm.

338 1722 430 1802 Quid
446 1721 555 1788 celsos
569 1722 717 1789 Senecas
730 1722 863 1806 loquar,
880 1723 1040 1787 velillum

339 1824 449 1903 Quem
463 1823 523 1888 dat
538 1824 673 1888 Bilbilis
688 1823 761 1888 alta
777 1823 978 1900 Martialem,

336 1924 510 1990 Terrarum
524 1923 695 2007 indigenas
711 1923 938 1989 Ibericarumt

189 2092 214 2157 J
215 2112 335 2158 oannes
358 2092 633 2169 saresberiensis,
656 2091 780 2157 Curial.
796 2090 933 2174 ‚Nugas
947 2091 1006 2155 lib.
1020 2105 1085 2153 vrr.
1100 2109 1175 2175 oap.
1189 2090 1244 2155 12.

190 2225 388 2293 =Poiiticnm
402 2227 496 2291 illum
511 2234 545 2291 te
569 2228 682 2293 subito
703 2229 876 2293 miraberis
898 2227 1064 2292 invenisse
1087 2228 1262 2310 pictorem,

168 2332 226 2412 qni
240 2330 285 2396 ad
300 2332 421 2406 omnia,
436 2348 514 2413 qua
527 2330 712 2394 necessitas
726 2330 841 2412 erigit,
866 2330 933 2395 scit
946 2330 1091 2394 fortusse
1105 2329 1263 2398 simulare

164 2451 375 2516 cupressum.
418 2431 556 2513 Desipit
569 2431 617 2495 ita
633 2429 743 2496 Rufus
758 2433 794 2494 iu
807 2429 943 2510 Naevia,
957 2450 979 2495 a
991 2450 1059 2515 qua
1073 2451 1160 2508 eum,
1175 2439 1263 2498 teste

164 2533 299 2618 coquo,
312 2533 424 2597 nullus
438 2549 539 2596 casus
554 2531 682 2596 avertit.
726 2529 820 2596 Nam

249 2633 421 2716 Quicquid
438 2633 507 2716 agit
521 2631 647 2712 Rufus,
661 2632 745 2697 nihil
759 2638 810 2698 est
822 2633 890 2698 nisi
906 2631 1029 2698 Narnia
1044 2633 1156 2713 Rulo;

293 2734 331 2800 Si
346 2733 480 2817 pudet,
495 2737 525 2800 si
539 2734 609 2812 ssot,
621 2735 652 2798 si
666 2742 766 2813 tacet,
779 2736 865 2800 hano
879 2735 1034 2817 loquitur.
1160 2801 1164 2809 ,

250 2835 384 2914 Coenat,
400 2837 568 2920 propinat,
582 2837 707 2920 poscit,
721 2842 832 2918 negat,
847 2837 964 2913 innuit,
979 2855 1047 2902 una
1060 2846 1113 2902 est

293 2938 436 3004 Naevia:
459 2939 491 3004 si
505 2958 572 3005 non
586 2940 632 3005 sit
647 2938 782 3018 Naevia,
793 2944 907 3003 mutus
921 2939 994 3002 erit.

164 3039 243 3105 Lib.
260 3056 283 3104 1.
298 3039 413 3124 Epigr·
428 3040 482 3106 68.

510 3207 607 3273 Idem
621 3208 679 3272 lib.
697 3223 777 3270 vrrr.
792 3225 868 3291 cap.
882 3206 914 3269 6.

205 3342 403 3425 Peregrinos
418 3341 537 3408 odores
551 3361 620 3408 non
633 3345 700 3408 nisi
714 3343 887 3408 dissolutis
907 3347 947 3408 et
964 3339 1170 3406 amatoribus
1183 3359 1263 3405 con·

163 3445 284 3522 venire,
300 3441 458 3509 Comicus
470 3451 506 3508 et
520 3442 658 3528 Goquus
673 3445 804 3510 docent.

505 3608 600 3674 Idem
615 3608 673 3674 lib.
689 3609 764 3675 eod·
780 3627 854 3692 cap.
869 3607 922 3674 13.

206 3741 299 3808 Nam
313 3741 495 3809 foenerator
508 3749 546 3809 ut
559 3742 633 3828 plus
646 3743 801 3828 recipiat,
811 3742 977 3806 interdum
988 3739 1117 3827 aliquid
1127 3741 1262 3825 praelar-

160 3843 262 3926 gitur.
307 3843 406 3908 Unde
421 3843 576 3928 Coquus:

361 3944 506 4012 Munera
520 3947 612 4030 quod
627 3945 765 4012 senibus
779 3944 970 4028 viduisque,
983 3947 1046 4010 tw.

160 4045 238 4110 Lib.
256 4061 305 4111 ιν.
328 4045 443 4130 Epigr.
458 4049 513 4116 56.
