3034 4775
606 324 645 375 11.
668 317 757 374 VAir·
778 314 986 376 uanitate

744 574 846 641 LXI.

650 726 690 775 ru
714 728 936 805 uuarsuuu.

253 840 469 909 Garsrunus
483 845 547 909 iste
562 844 636 929 quis
650 851 713 924 est,
727 850 827 913 uxori
841 867 975 940 semper
989 849 1138 914 adhaeret

296 946 378 1026 Qui,
394 945 556 1025 Matiane,
570 948 660 1013 tuaei
683 949 850 1033 crispulus
864 952 930 1016 iste
944 950 1021 1034 quis
1034 952 1107 1015 esti

256 1048 386 1115 Nescio
400 1047 481 1131 qnid
497 1047 639 1115 dominae
654 1056 802 1115 teneram
816 1053 875 1136 qni
891 1054 991 1135 garrit
1005 1053 1040 1116 in
1054 1072 1182 1131 aurem,

297 1150 341 1215 Et
354 1149 470 1215 sellam
484 1151 597 1215 cubito
611 1150 797 1217 dexteriore
816 1155 960 1237 promiti

254 1251 320 1318 Per
333 1252 431 1336 cujus
445 1252 568 1333 digitos
583 1256 683 1318 currit
694 1256 777 1321 teris
791 1257 935 1320 annulus
948 1275 1085 1321 omnes:

297 1354 401 1419 Crura
419 1355 502 1435 gerit
516 1353 606 1417 nullo
622 1356 681 1438 qni
695 1357 824 1422 violata
837 1359 929 1441 pilei

254 1459 316 1525 Nil
328 1457 409 1524 mihi
430 1462 635 1544 respondes?
658 1460 777 1523 uxoris
790 1479 845 1523 res
859 1461 940 1541 agit,
954 1460 1078 1544 inquis,

298 1561 371 1626 Iste
385 1580 488 1625 meae:
513 1582 591 1626 sane
606 1569 716 1626 certus
730 1568 764 1627 et
778 1582 878 1645 asper
891 1562 991 1627 homo
1007 1570 1069 1640 est,

256 1663 509 1729 Procuratorem
524 1664 617 1730 vultu
634 1666 691 1749 qni
705 1663 859 1748 praeierat
872 1665 972 1747 ipso:

298 1764 418 1830 Aerior
431 1766 501 1831 hoo·
511 1764 613 1831 Chius
626 1786 694 1830 non
709 1772 781 1830 erat
794 1762 964 1829 Aufidius.

258 1867 290 1931 0
306 1887 407 1951 qnam
421 1868 540 1951 dignus
554 1886 629 1932 eras
645 1867 765 1949 alapis,
783 1865 946 1945 Matiane,
961 1866 1094 1931 Latini!

299 1972 350 2039 Te
362 1990 599 2038 successurum
614 1970 715 2035 eredo
729 1989 792 2052 ego
811 1968 1009 2034 Panniculo.

291 2172 316 2223 0
327 2172 446 2234 Mariana,
456 2173 509 2235 quis
522 2178 556 2222 est
567 2172 615 2222 iste
623 2173 738 2235 crispuim
747 2172 789 2237 qrri
806 2188 897 2235 seraper
906 2172 1047 2222 adioerescit
1055 2176 1105 2223 trus
1120 2168 1238 2234 casim?
1253 2168 1307 2233 qais
1321 2172 1357 2218 err

258 2236 426 2311 interriqstm
435 2238 475 2299 qui
485 2238 626 2313 summatis
635 2242 831 2315 terminumn-aru¹
841 2238 941 2313 donis?
949 2237 1027 2312 nscio
1036 2238 1135 2300 quidet
1153 2232 1267 2285 muniit
1276 2232 1357 2283 estie-

257 2300 547 2428 tristissimi
556 2300 1359 2428 usuratuttii‘tufltiitxmm

259 2430 1361 2560 mr&timidiffffleiirffiflpwmssffofmgffltmwaw

260 2559 366 2622 cataplus
386 2557 490 2608 Latini!
511 2572 553 2621 ego
566 2563 625 2623 puio
642 2564 667 2608 te
681 2563 846 2621 occupatam
856 2559 932 2608 Ικιιιι
951 2557 1089 2610 Pmtau.
1120 2559 1274 2609 nmmum
1291 2569 1361 2618 sess·

717 2685 899 2705 mooe

295 2767 542 2832 BBererinndiIMs.
559 2783 615 2818 sane
634 2773 766 2819 sacua-9
781 2767 971 2819 ‘Scribendum
991 2775 1032 2818 est
1049 2783 1082 2820 ex
1102 2767 1180 2820 codd.
1195 2770 1236 2834 qai
1244 2767 1361 2834 profem

261 2848 335 2897 aequo.
368 2833 462 2896 Vulgo,
473 2835 512 2896 qui
521 2833 634 2896 μήκαὶ
644 2836 710 2897 ipso:
728 2832 797 2897 quod
813 2835 1001 2887 srdrstitnerunt
1014 2833 1060 2890 iiii,
1071 2833 1114 2910 qni
1126 2848 1177 2883 non
1189 2840 1242 2884 tam
1253 2835 1360 2900 sequita-

261 2903 315 2948 tem
333 2897 360 2946 in
372 2905 539 2960 procuratore
551 2898 646 2960 requiri
667 2899 803 2962 putabant,
815 2913 890 2963 quam
909 2905 938 2946 ut
957 2899 1054 2947 acriter
1065 2904 1164 2948 nitatur
1175 2912 1222 2962 pro
1234 2913 1276 2961 eo,
1286 2899 1361 2962 cujus

260 2962 392 3025 negotium
410 2963 486 3026 gerit.
518 2963 569 3012 Sed
591 2962 656 3010 suun
679 2979 744 3026 aquo
764 2970 805 3012 est
829 2962 1006 3025 respondenti,
1024 2961 1161 3024 referenti,
1182 2964 1283 3028 aquati.
1317 2964 1360 3012 Sic

261 3027 411 3091 nequitatem
421 3027 592 3076 membrorum
604 3027 725 3089 Augusti,
738 3041 785 3088 pro
796 3029 947 3092 equalitate
958 3041 1003 3075 seu
1021 3027 1179 3090 symmetria,
1190 3029 1280 3076 iaudat
1297 3027 1360 3076 Sue·

261 3093 363 3146 tonius!
394 3089 438 3142 Its
447 3092 538 3143 scribit
550 3092 697 3142 Gronovius
710 3093 742 3142 ad
753 3093 820 3142 Stat.
831 3107 858 3156 p.
867 3095 989 3142 tutu-1⁰
1012 3089 1074 3142 nu.
1084 3091 1159 3143 Jnnt.
1167 3093 1304 3142 Cottum
1315 3091 1363 3142 erit

755 3247 864 3300 NOTAE

293 3369 310 3414 1
329 3362 466 3428 crispata]
482 3363 566 3414 Poitu
583 3362 675 3413 irridet
691 3363 789 3412 Maria·
829 3369 985 3426 procurator
1006 3363 1109 3428 gravior
1129 3375 1180 3414 nec
1200 3361 1362 3413 ceruariae

262 3453 332 3498 unm,
349 3440 392 3505 qui
409 3439 498 3503 inepte
515 3439 644 3501 erederet,
662 3438 789 3504 quendam
830 3439 953 3502 crispulo.

262 3517 413 3580 crispulum,
424 3515 473 3566 hoc
483 3521 535 3576 est,
556 3517 659 3566 moiiem
671 3521 698 3566 et
710 3515 790 3578 capii·
864 3520 895 3566 11
912 3515 998 3579 supa
1011 3513 1108 3577 Latiar]
1127 3513 1152 3566 0
1171 3513 1263 3578 digne,
1279 3513 1365 3579 inquit

262 3595 294 3644 iis
305 3594 397 3657 crispis
409 3593 542 3659 juvenem,
558 3593 645 3643 uxoris
665 3608 718 3643 sue
734 3606 791 3642 esse
832 3591 983 3655 Farnabinq
999 3591 1045 3656 qui
1064 3592 1090 3640 in
1112 3591 1270 3655 spectaculis
1292 3591 1364 3640 thea-

261 3675 464 3734 procuratorem.
832 3669 942 3721 traiibns
976 3670 1054 3720 risum
1092 3681 1196 3718 mareas
1228 3667 1364 3730 alaparum

295 3746 378 3802 noui
398 3745 485 3794 viriato
510 3746 571 3810 piis]
605 3745 684 3809 Cujus
713 3760 789 3796 crura
831 3745 994 3797 contumeliis
1011 3751 1156 3809 exceptum
1172 3757 1225 3792 nan
1241 3755 1316 3792 secas
1331 3755 1364 3792 sc

261 3821 438 3872 ieriasnntet
449 3821 572 3886 depilata.
634 3831 636 3839 ⁸
830 3822 988 3872 Paunienius
1006 3821 1108 3882 mimus,
1127 3835 1142 3869 a
1159 3818 1253 3870 Latino
1270 3817 1365 3869 meni

245 3951 249 3959 ,
294 3895 388 3949 iiSrure
401 3897 489 3960 emus]
514 3897 573 3946 Hoc
593 3903 643 3958 est,
664 3897 789 3960 eruditus,
831 3906 1121 3963 parteasgentecesns.
1131 3895 1367 3961 Liuiaupignt.

262 3988 340 4042 quem
356 3974 425 4024 nulia
436 3975 503 4025 ratio
515 3974 552 4022 rei
564 3972 685 4036 gerendae
695 3972 773 4023 fallit.
831 3974 889 4024 ‘Os
899 3974 948 4024 tibi
960 3971 1105 4038 precisum,
1127 3980 1225 4038 quanto
1245 3985 1296 4021 non
1308 3971 1364 4038 ipse

295 4057 326 4102 1⁰
344 4053 399 4102 Noa
416 4048 730 4115 erntArrfidins1Moeeirns
746 4063 790 4098 no·
858 4051 942 4100 stiam
953 4048 1172 4118 Vitia-Panniculi
1190 4049 1306 4114 percutit
1321 4062 1368 4098 ors

259 4127 374 4179 tissimus
390 4141 423 4177 ex
443 4127 579 4179 iuvenalis
589 4125 733 4189 Satyrnrx.
750 4130 792 4176 25.
831 4126 912 4177 sono!

261 4205 356 4256 Sensus
368 4211 423 4254 est:
437 4201 553 4254 Aufidius
564 4204 642 4254 Citius
654 4217 703 4256 non
720 4211 791 4253 esset
